2916 4860
601 402 654 456 Iler
673 401 802 456 Mamilia.
1250 405 1312 473 105

95 570 270 636 *aheredota'
281 577 381 649 eruat,
399 577 613 637 testaceorum
629 580 861 656 pertemptato,
880 575 997 640 senciat
1011 575 1198 643 obeooerem
1207 580 1313 644 miuus

95 677 195 736 utum
217 678 289 752 esto,
313 670 408 756 pared]
427 673 460 737 in
482 674 587 739 locum
612 694 739 740 suorum
764 677 810 740 sui
840 675 974 741 heredes
997 679 1200 744 succedunt¹

477 945 506 1014 9.
549 946 673 1029 Leges
697 948 918 1014 colonicae.2

223 1119 254 1161 a.
276 1105 351 1161 Lex
372 1104 525 1161 Mamilia
546 1106 672 1162 Roscia
694 1106 857 1163 Peduoea
878 1107 1017 1164 Alliena
1037 1106 1175 1168 Fabia.³

172 1252 260 1318 LIII.
306 1252 394 1330 Quae
426 1253 549 1319 colonia
580 1252 641 1319 hac
658 1253 743 1336 ‘lege
776 1254 913 1320 deducta
943 1255 1066 1336 quodve
1103 1255 1311 1337 municipum

95 1352 293 1423 »raefectura
321 1353 424 1419 forum
447 1355 694 1421 conciliabulum
713 1356 924 1422 coustitutum
947 1358 1018 1437 erit,
1048 1357 1104 1438 qui
1127 1376 1205 1441 ager
1226 1358 1311 1423 intra

95 1460 166 1522 'mes
190 1474 302 1521 eorum
326 1456 397 1536 erit,
421 1457 477 1537 qui
494 1456 625 1521 termIni
648 1457 681 1521 In
701 1473 738 1522 eo
756 1468 834 1539 agro
853 1458 971 1523 statuti
989 1465 1093 1538 erunt,
1117 1477 1177 1539 quo
1195 1459 1228 1523 in
1243 1460 1312 1525 loco

95 1560 248 1625 erminus
270 1577 333 1623 non
356 1556 470 1642 stabit,
497 1559 530 1623 in
558 1576 596 1624 eo
622 1559 691 1624 loco
714 1559 757 1638 is,
782 1559 871 1624 cuius
893 1559 921 1624 is
944 1575 1023 1641 ager
1045 1560 1117 1638 erit,
1139 1561 1312 1625 terminum

96 1660 325 1730 estituendum
358 1664 490 1742 curato,
522 1661 571 1726 uti
601 1661 686 1743 quod
715 1663 802 1726 recte
828 1658 949 1726 facturn
985 1679 1054 1728 esse
1085 1662 1183 1741 rolet3
1214 1662 1312 1743 idque

95 1764 316 1846 nagistratus‚
345 1762 401 1844 qui
427 1762 460 1827 ln
492 1781 531 1828 ea
554 1763 678 1829 colouIa
700 1763 872 1845 municipio
894 1762 1096 1846 praefectura
1117 1763 1185 1828 foro
1209 1764 1312 1829 conci-

95 1865 214 1932 iabulo
235 1865 306 1929 iure
330 1864 468 1930 dicundo
492 1865 643 1945 praeerit,
666 1862 747 1930 facit
770 1871 806 1930 ut
828 1862 894 1931 fiat.

171 1966 274 2032 LIIII.
325 1965 386 2043 Qui
415 1966 535 2032 limites
567 1967 788 2050 decimanique
819 1967 881 2033 hac
910 1968 999 2049 lege⁴
1032 1967 1178 2034 deducti⁶
1208 1972 1311 2046 erunt,

95 2088 310 2154 [uaecumque
332 2068 438 2134 fossae
460 2057 597 2134 limites6
617 2070 650 2133 in
674 2087 711 2135 eo
733 2087 812 2152 agro
835 2074 939 2149 erunt,
963 2069 1019 2151 qui
1042 2087 1121 2151 ager
1143 2069 1204 2134 hac
1225 2069 1312 2152 lege⁷

95 2173 184 2238 latus
208 2172 398 2253 adsignatus
420 2171 491 2250 erit,
514 2188 557 2266 ne
577 2170 650 2252 quis
669 2169 743 2235 eos⁸
760 2171 880 2236 limites
903 2171 1144 2236 decimanosve⁹
1161 2171 1313 2252 obseptas
1380 2209 1383 2215 -

95 2407 222 2478 sequenti
239 2409 315 2475 parte
328 2436 363 2445 -
376 2406 415 2461 ita
432 2405 662 2474 interpretandum
680 2408 730 2472 est,
748 2409 779 2461 ut
797 2407 820 2460 si
838 2409 867 2460 et
884 2406 970 2461 filium
989 2411 1017 2461 et
1034 2409 1157 2476 nepotem
1176 2409 1203 2461 et
1221 2423 1312 2475 prone·

95 2496 176 2548 rotem
195 2487 306 2546 habeas'
323 2497 369 2547 eto.

158 2579 184 2643 1)
202 2578 236 2632 L.
255 2581 292 2632 29
309 2575 395 2647 §152
416 2573 568 2644 ‘posteriore
586 2577 674 2645 capite
691 2591 743 2630 non
766 2577 901 2644 permittit
923 2577 1044 2640 iustitui,
1069 2577 1115 2631 sed
1132 2580 1209 2632 vetat
1226 2578 1312 2646 rumpi

95 2679 156 2718 rere
173 2663 206 2718 ob
225 2678 281 2734 earn
300 2679 356 2717 rem
376 2662 464 2715 minus
480 2664 569 2715 ratum
582 2665 660 2727 esset,
671 2660 740 2730 quod
748 2658 883 2717 succedit?
892 2661 929 2717 D.
939 2666 985 2728 28,
994 2666 1019 2730 3,
1028 2666 1076 2717 13:
1094 2659 1261 2717 ‘nominatim
1278 2691 1312 2703 -

95 2751 213 2818 nepotem
228 2777 260 2787 -
276 2763 382 2802 necesse
400 2747 633 2807 est-instituere
652 2747 694 2800 vel
708 2746 875 2813 exheredare,
890 2763 923 2800 ue
938 2747 1186 2802 -succedendo-
1196 2750 1313 2816 rumpat,

95 2862 124 2872 —
145 2832 224 2901 idque
248 2833 307 2899 lege
325 2831 402 2885 Iunia
419 2831 513 2885 Vellea
537 2833 671 2900 provisum
694 2829 752 2884 est'.
786 2861 818 2870 -
851 2834 877 2896 2)
895 2831 992 2900 Leges,
1016 2832 1112 2902 quibus
1135 2833 1312 2888 Romanorum

95 2918 233 2986 municipia
258 2917 407 2972 coloniaore
429 2915 633 2982 ordInabantur,
655 2917 811 2985 plerumque
837 2932 889 2971 uon
914 2933 929 2970 a
952 2919 1048 2986 populo
1066 2917 1220 2986 Ipsodatae
1239 2920 1311 2980 sunt,

95 3003 138 3057 sed
162 3019 209 3072 per
236 3005 305 3058 viros
331 3003 376 3072 qui
402 3002 477 3069 leges
501 3000 596 3057 darent
622 3017 638 3054 a
662 3002 756 3070 populo
782 3002 935 3070 permissos,
962 3006 993 3056 ut
1018 3004 1047 3057 iu
1074 3004 1091 3056 I.
1113 3003 1167 3056 Iul.
1194 3019 1266 3056 maa.
1289 3019 1310 3056 c.

95 3089 128 3142 30
152 3088 254 3144 dietum
281 3090 335 3150 est:
372 3083 447 3153 ‘Quei
473 3088 532 3156 lege
559 3086 702 3155 permissus
730 3088 783 3152 est,
809 3088 866 3140 utei
898 3086 972 3156 leges
994 3089 1023 3140 in
1049 3087 1191 3155 municipio
1218 3085 1313 3142 daret?

95 3169 176 3242 Leges
199 3177 290 3230 tamen
312 3173 375 3228 illae
393 3172 610 3241 appellabantur,
632 3173 723 3240 legum
745 3172 828 3225 ricem
851 3170 1024 3240 obtinebant,
1045 3172 1202 3242 legibusque
1219 3173 1309 3241 populi

95 3262 171 3328 qiam
188 3259 301 3312 maxime
320 3274 447 3313 consonae
465 3256 689 3325 concipiebantur,
699 3258 730 3308 ut
745 3255 822 3309 facile
832 3255 957 3311 confundi
967 3273 1026 3310 curu
1035 3257 1068 3310 iis
1078 3257 1188 3325 possint,
1199 3256 1267 3325 quod
1278 3273 1311 3309 ne

95 3341 167 3398 lieret
184 3336 351 3412 praemonuit
365 3343 422 3397 Mo.
438 3341 501 3396 cl.
514 3343 649 3406 L.1‚263,
659 3343 704 3409 qui
718 3339 854 3394 etiamsub
864 3340 1065 3408 Imperatoribus
1075 3340 1227 3394 huiusmodi
1237 3342 1312 3408 leges

95 3424 169 3484 ustas
187 3445 244 3484 esse
262 3427 381 3484 ostendiI
397 3429 426 3482 in
443 3428 524 3482 libro:
543 3427 647 3482 Stadtr.
664 3419 688 3480 n.
699 3425 804 3495 Malae.
821 3444 848 3480 a.
860 3425 938 3495 Satp.
956 3430 1101 3480 seo-394.
1129 3425 1224 3490 Parvo,
1243 3442 1311 3494 quae

95 3514 166 3569 uotis
187 3515 294 3569 servata
316 3515 379 3567 sunt
401 3511 529 3568 eiusmodi
547 3515 638 3582 legum
656 3513 815 3580 fragmenta,
836 3512 889 3564 huc
912 3513 1039 3581 congessi.
1057 3540 1091 3550 -
1107 3512 1134 3579 3)
1153 3512 1215 3566 Tria
1234 3512 1312 3567 huius

95 3594 160 3668 legis
180 3600 270 3668 capita
291 3599 320 3652 in
338 3599 493 3653 collectione
512 3599 671 3666 scriptorum
689 3597 893 3665 gromatieorum
912 3597 987 3651 nobis
1010 3602 1113 3651 servata
1131 3601 1205 3651 suut:
1233 3599 1313 3653 Rom.

95 3679 265 3748 Feldmeascr,
283 3683 492 3749 ed'Lcebmaaa,
510 3687 596 3751 atos.
614 3684 756 3738 Praeterea
774 3683 835 3738 e.54
853 3682 886 3735 ad
904 3682 1014 3736 verbum
1032 3683 1085 3738 fere
1104 3683 1174 3737 redit
1188 3684 1217 3737 in
1231 3701 1252 3737 c.
1264 3685 1314 3738 104

95 3763 160 3837 legis
178 3769 226 3823 ool.
240 3768 386 3823 Genetirae
403 3768 497 3830 Iuliae,
513 3758 537 3821 c.
555 3768 589 3823 55
606 3785 666 3822 vero
684 3769 712 3820 in
721 3768 759 3822 D.
769 3771 811 3831 47,
820 3771 864 3836 21,
878 3772 896 3821 3
909 3768 1023 3823 refertur
1040 3768 1193 3837 praemissis
1211 3769 1312 3822 verbis:

95 3843 170 3924 Iege
186 3856 304 3923 agraria,
322 3869 402 3922 quarn
412 3854 442 3908 O.
455 3854 553 3908 Caesar
570 3851 653 3908 tulit'
688 3853 773 3917 Unde,
792 3870 852 3907 curn
870 3854 952 3907 etiam
971 3853 998 3906 in
1017 3854 1076 3921 lege
1096 3855 1144 3908 eol.
1155 3853 1221 3908 Gan.
1240 3868 1261 3904 c.
1279 3854 1312 3905 97

95 3933 158 4008 legis
176 3939 263 3993 luliae
281 3938 328 4006 (sc.
347 3939 480 4009 agrariae)
499 3939 599 3993 mentio
619 3938 679 4000 fiat,
694 3940 751 3995 Mo.
761 3939 923 4008 comprobat,
932 3939 1084 4006 generalem
1094 3939 1228 3994 exstitIsse
1243 3937 1312 4004 legis

95 4018 213 4092 agrariae
237 4023 362 4087 formam,
381 4023 503 4077 Caesaris
525 4023 599 4076 iussu
621 4040 667 4092 per
685 4024 778 4077 Vviros
803 4026 957 4092 conceptam
975 4024 1002 4076 et
1021 4023 1039 4076 l.
1058 4024 1129 4077 Iulia
1144 4038 1201 4091 agr.
1221 4021 1313 4075 confir-

95 4109 201 4173 matam,
210 4107 280 4163 uude
293 4109 321 4161 iu
336 4109 501 4176 singularum
515 4108 675 4163 coloniarum
684 4108 758 4177 leges
768 4125 833 4177 quae
850 4109 996 4162 necessaria
1006 4110 1082 4161 erant
1099 4107 1232 4161 translata
1248 4122 1312 4159 esse.

95 4190 171 4246 Rom.
189 4191 273 4270 Feta..
286 4196 314 4256 2,
331 4196 395 4247 221.
419 4193 531 4262 prem.
550 4193 632 4262 epipr.
650 4197 681 4257 2,
703 4197 765 4248 120.
785 4193 817 4260 cf.
836 4193 923 4248 ΖΒΘ.
941 4197 985 4259 12,
1007 4197 1067 4247 100.
1088 4222 1118 4231 -
1138 4192 1164 4255 4)
1183 4190 1247 4244 Gen.
1267 4207 1312 4258 pro

95 4270 151 4331 ‘hac
168 4273 238 4345 lege’
256 4275 351 4333 babet:
369 4275 451 4331 ‘iutra
463 4279 529 4333 fines
544 4280 594 4332 col.
609 4275 682 4333 Gen.³
693 4310 726 4318 -
736 4281 761 4344 5)
772 4279 802 4333 G.
818 4280 867 4332 ius.
883 4275 1025 4347 ‘factique'
1035 4308 1067 4317 -
1081 4279 1106 4340 6)
1117 4276 1147 4330 G.
1157 4272 1311 4330 ‘limitales'

96 4388 128 4401 -
146 4361 171 4427 I)
190 4361 222 4416 G.
241 4378 288 4430 pro
306 4359 360 4431 ‘qui
378 4361 491 4431 —lege'
505 4363 600 4417 habet:
619 4360 673 4432 ‘qui
690 4365 764 4417 iussu
775 4365 804 4418 O.
815 4365 935 4418 Caesaris
945 4365 1008 4416 dict.
1016 4363 1079 4431 Imp.
1091 4365 1118 4415 et
1128 4361 1188 4428 lege
1198 4362 1313 4415 Antonia

98 4448 181 4500 acuat.
199 4462 253 4515 qua
270 4463 338 4502 cons.
358 4449 392 4516 pl.
411 4464 463 4516 que
480 4449 554 4501 rcitIs
572 4445 652 4515 ager'.
672 4477 704 4487 -
723 4450 750 4514 8)
768 4449 798 4503 (I.
819 4466 867 4503 om.
888 4478 918 4486 -
942 4449 968 4511 9)
986 4447 1017 4500 G.
1036 4442 1270 4514 ‘decumanosque’.
1281 4476 1312 4483 —
