2916 4860
609 346 745 402 Asconius.
1228 347 1291 414 289

60 523 225 604 publicam
247 521 439 586 videbantur
462 537 540 584 esse.
556 519 685 584 -Post
701 537 757 584 sex
776 521 891 586 deinde
911 538 1023 599 annos,
1042 537 1138 600 quam
1157 520 1289 586 sublata

62 629 165 702 erant,
189 624 224 687 P.
248 621 388 701 Clodius,
412 620 485 685 trib.
510 619 562 701 pl,
586 620 657 703 lege
681 621 749 686 lata
773 623 919 687 restituit
942 620 1102 702 collegia.l
1145 625 1182 701 (7.
1200 623 1239 704 6.)

148 727 164 807 5¹
187 723 216 790 9.
251 725 407 803 Diximus,
431 722 466 786 L.
486 723 611 803 Pisone,
632 723 668 788 A.
695 723 836 790 Gabinio
859 742 920 789 cos.
945 723 1056 806 (6666)
1071 721 1109 787 P.
1129 721 1286 804 Clodium,

62 833 103 891 tr.
128 828 182 908 pl,
205 831 361 908 quattuor
383 825 471 906 leges
496 825 692 905 perniciosas
708 826 827 907 populo
844 827 934 890 Rom.
953 826 1081 890 tulisse:
1101 826 1288 890 —tertiam

63 931 103 994 dc
120 929 263 1011 collegiis
278 927 480 998 restituendis
500 927 654 1008 novisque
668 927 905 1006 instituendis13
916 933 1128 1009 -quartam,
1141 945 1181 991 ne
1194 946 1288 1009 quem

63 1049 212 1095 censores
247 1031 280 1093 in
311 1033 428 1093 senatu
459 1028 598 1110 legendo
632 1030 864 1108 praeterirent'2
894 1048 973 1097 neve
1016 1047 1080 1110 qua
1111 1029 1289 1112 ignominia

62 1131 244 1211 afficerent,
267 1131 329 1196 nisi
353 1131 408 1212 qui
433 1130 520 1211 apud
542 1148 596 1195 eos
621 1138 791 1198 accusatus
814 1137 848 1197 et
867 1133 1037 1214 utriusque
1057 1131 1199 1196 censoris
1218 1150 1288 1198 sem

63 1235 171 1299 tentia
187 1235 360 1299 damnatus
379 1237 476 1313 esset;
499 1233 559 1296 hac
574 1250 651 1314 ergo
671 1234 739 1299 eius
755 1234 826 1316 lege
846 1251 1113 1315 censuramquae
1132 1234 1288 1315 magistra

63 1336 196 1416 pudoris
219 1342 252 1400 et
275 1334 452 1399 modestiae
477 1339 535 1413 est,
559 1332 721 1401 sublatam
744 1337 791 1400 ait
816 1335 960 1416 (Cicero).
1005 1333 1046 1418 (9.
1065 1337 1101 1410 7.)

150 1435 240 1518 §94
273 1436 391 1517 Legem
430 1435 632 1501 iudiciariam
663 1471 705 1480 —
736 1437 813 1501 tulit
845 1437 997 1503 Aurelius
1029 1436 1125 1502 Cotta
1157 1444 1288 1516 praetor

64 1542 105 1622 (a.
124 1540 199 1622 664),
229 1558 292 1621 qua
320 1539 553 1602 communicata
580 1543 656 1603 sunt
683 1538 803 1604 iudicia
832 1540 960 1604 senatui
983 1544 1016 1604 et
1039 1539 1202 1619 equitibus
1225 1541 1287 1604 Ro-

63 1641 168 1706 manis
191 1647 224 1703 et
246 1639 385 1705 tribunis
408 1639 551 1704 aerariis.
596 1641 718 1704 Rursus
733 1640 857 1727 ¹deinde
873 1641 1044 1721 Pompeius
1066 1641 1099 1704 in
1118 1641 1288 1707 consulatu

64 1745 205 1808 secundo
231 1750 266 1822 (a.
283 1743 346 1817 666)
371 1778 415 1833 ..-
436 1741 667 1822 promulgavit,
692 1745 728 1805 ut
752 1742 949 1821 amplissimo
971 1761 1011 1807 ex
1034 1761 1131 1807 censu
1154 1761 1193 1807 ex
1216 1760 1287 1808 cen-

63 1847 161 1910 turiis
185 1844 282 1909 aliter
304 1850 401 1924 atque
425 1849 520 1907 antea
544 1842 620 1906 lecti
638 1843 766 1923 iudices,
790 1861 891 1924 aeque
914 1849 1023 1908 tamen
1046 1862 1084 1908 ex
1101 1844 1165 1909 illis
1181 1845 1287 1910 tribus

62 1946 241 2025 ordinibus,
265 1963 315 2009 res
338 1945 526 2010 iudicarent.
571 1943 700 2026 (1615.)
1180 1945 1184 1954 ‘

482 2137 520 2191 Β.
564 2137 607 2191 16
629 2136 864 2193 Scaurianam.
953 2137 957 2143 '

153 2252 179 2317 1.
205 2250 260 2316 Cn.
286 2251 447 2315 Domitius
469 2286 512 2295 -
535 2251 619 2314 diem
643 2250 673 2314 ei
694 2249 839 2332 (Scauro)
863 2251 945 2315 dixit
969 2252 1055 2331 apud
1078 2252 1231 2333 populum
1255 2259 1287 2318 et

63 2355 201 2418 multam
224 2353 391 2434 irrogavit,
415 2352 500 2432 quod
524 2353 592 2416 eius
616 2369 713 2431 opera
737 2371 829 2417 sacra
851 2353 955 2417 multa
978 2371 1050 2434 pop.
1074 2355 1163 2420 Rom.
1188 2357 1287 2422 demi·

63 2462 145 2521 nuta
167 2473 237 2520 esse
261 2455 391 2520 diceret.
436 2452 570 2518 Crimini
593 2454 703 2533 dabat,
723 2471 816 2519 sacra
839 2454 969 2536 publica
988 2473 1062 2536 pop.
1081 2457 1170 2522 Rom.
1191 2458 1286 2522 deum

63 2557 249 2636 Penatium,
278 2574 360 2637 quae
382 2556 495 2620 Lavini
517 2553 649 2634 fierent,
678 2574 778 2635 opera
801 2557 870 2621 eius
892 2557 998 2621 minus
1021 2563 1109 2622 reete
1132 2566 1286 2640 casteque

63 2660 143 2724 fieri.
186 2657 256 2734 Quo
272 2658 403 2722 erimine
419 2657 587 2722 absolutus
607 2662 656 2721 est
675 2656 817 2722 Scaurus
836 2658 976 2737 quidem,
996 2658 1127 2739 sedita,
1147 2666 1183 2725 ut
1201 2681 1220 2726 a
1238 2661 1286 2726 III

63 2760 216 2826 tribubus
235 2761 452 2837 damnaretur,
472 2757 625 2822 aXXXlI
634 2757 866 2836 absolveretur,
877 2764 910 2822 et
930 2759 962 2822 in
982 2758 1031 2823 his
1050 2778 1150 2840 pauca
1166 2768 1285 2841 puncta

63 2865 149 2929 inter
172 2862 410 2927 damnationem
433 2866 466 2924 et
488 2860 721 2925 absolutionem
745 2859 947 2923 interessent.
992 2853 1048 2941 (21.
1066 2860 1125 2944 16.)

467 3052 502 3107 0.
544 3053 589 3107 In
612 3050 866 3108 cornelianam.

145 3168 224 3250 Arg.
258 3165 291 3232 C.
311 3165 485 3245 Cornelius,
502 3167 712 3231 -tribunus
731 3166 843 3246 plebis,
865 3169 902 3246 (a.
920 3165 987 3250 667)
1006 3201 1047 3211 -
1065 3168 1282 3250 promulgavit

58 3273 176 3352 legem,
205 3288 269 3350 qua
298 3269 523 3333 auctoritatem
547 3273 678 3332 senatus
701 3267 880 3348 minuebat,
904 3287 944 3333 ne
967 3269 1039 3350 quis
1061 3269 1124 3333 nisi
1146 3288 1204 3350 per
1225 3289 1281 3352 po-

58 3375 170 3455 pulum
189 3371 315 3452 legibus
332 3370 517 3434 solveretur.
553 3369 645 3447 Quod
663 3369 796 3451 antiquo
816 3389 950 3451 quoque.
961 3371 1032 3435 iure
1050 3375 1119 3435 erat
1135 3376 1279 3453 cautum3

57 3477 168 3557 itaque
179 3475 210 3538 in
224 3474 370 3538 omnibus
381 3471 482 3551 sctis,
492 3473 608 3553 quibus
625 3472 763 3552 aliquem
779 3472 905 3552 legibus
925 3471 1004 3536 solvi
1020 3473 1177 3553 placebat,
1197 3475 1280 3542 adici

57 3583 129 3641 erat
152 3576 291 3653 solitum,
315 3580 352 3657 ut
375 3575 415 3638 de
433 3593 472 3639 66
487 3592 521 3638 66
540 3575 583 3639 ad
601 3572 755 3654 populum
773 3572 926 3652 ferretum
950 3574 1007 3638 sed
1026 3575 1184 3654 paulatim
1202 3576 1278 3643 ferri

56 3683 130 3742 erat
153 3677 299 3755 desitum,
322 3695 439 3757 resque
461 3678 526 3740 iam
548 3677 582 3739 in
605 3694 675 3741 eam
693 3676 957 3740 consuetudinem
975 3682 1118 3757 venerat,
1138 3683 1175 3742 ut
1190 3688 1278 3759 post-

55 3798 145 3844 remo
176 3797 215 3842 66
248 3779 430 3842 adiceretur
461 3778 590 3858 quidem
622 3778 654 3841 in
678 3776 771 3841 sctis
799 3777 838 3841 de
868 3777 1036 3858 rogatione
1059 3779 1100 3843 ad
1123 3781 1275 3860 populum

55 3880 197 3960 ferenda,
221 3898 324 3961 eaque
346 3880 418 3961 ipsa
435 3878 519 3970 SCta
542 3896 600 3960 per
623 3878 776 3960 pauculos
793 3879 964 3944 admodum
982 3878 1111 3945 fiebant.
1143 3881 1277 3964 Indigna

56 4002 128 4048 eam
153 3981 281 4046 Corneli
303 3983 506 4063 rogationem
528 3982 673 4046 tulerant
705 3981 918 4061 potentissimi
941 3982 1062 4064 quique
1090 4000 1128 4046 ex
1150 3989 1274 4066 senatu,

55 4103 193 4166 quorum
209 4085 316 4164 gratia
330 4085 524 4164 magnopere
537 4082 758 4159 minuebatur;
773 4083 881 4164 itaque
896 4083 930 4146 P.
942 4081 1095 4148 Servilius
1106 4081 1273 4166 Globulus,

124 4236 149 4300 1)
170 4233 224 4288 Cic.
242 4234 338 4288 a'ans.
356 4239 381 4300 4,
398 4238 429 4288 9:
448 4234 577 4302 “collegia
594 4249 647 4286 nou
665 4249 694 4286 66
713 4233 806 4296 solum,
825 4249 892 4301 quae
910 4235 1019 4286 senatus
1032 4234 1186 4298 sustulerat,
1196 4236 1273 4291 resti-

53 4323 124 4384 tuta,
149 4320 196 4373 sed
222 4320 425 4373 innumerabilia
449 4317 577 4388 quaedam
601 4334 668 4371 nova
690 4334 720 4372 ex
744 4322 815 4372 omni
833 4319 905 4372 faece
923 4317 995 4370 urbis
1012 4334 1043 4372 aa
1061 4318 1170 4372 servitio
1188 4321 1272 4375 conci-

54 4404 131 4458 tata'.
150 4404 189 4457 De
208 4405 326 4472 tempore
344 4404 423 4457 huius
440 4404 508 4472 legis
518 4419 543 4457 r.
553 4403 662 4457 Momm.
673 4401 705 4455 de
718 4403 776 4458 coll.
787 4405 896 4457 73-78,
908 4401 1026 4470 —2)Cf.
1037 4401 1270 4464 hermeacensi.

107 4488 361 4540 laurissamensis.
388 4488 446 4530 nuic.
460 4488 500 4528 Ill.
1071 4489 1102 4543 19
