2916 4860
630 323 716 390 Leges
734 325 832 391 regiae.
1324 329 1344 391 3

114 498 199 573 τούς
222 493 425 582 ἱεροφάντας
447 499 501 562 καὶ
515 497 657 580 τάςπερὶ
679 502 749 560 coir·
766 495 867 581 ἱερῶν
883 495 1081 582 συγγραφάς,
1101 492 1140 574 de
1157 501 1345 583 Πομπίλιος

111 597 355 685 συνεστήσατο,
373 596 449 683 παρ)
472 595 589 665 αὐτῶν
607 599 720 679 λαβὼν
739 594 928 684 ἀνέγραψεν
947 601 993 676 είς
1011 601 1150 676 δέλτους
1167 603 1220 666 καί
1240 597 1344 685 προδ-

113 709 224 787 θηκεν
252 704 288 768 έν
312 699 427 791 ἀγορᾷ,
451 739 492 748 -
515 696 555 778 δίς
577 698 809 787 ἀφανισθῆναι
832 704 953 786 συνέβη
976 707 1027 786 τῷ
1049 701 1174 787 χρόνῳ·
1198 741 1240 750 -
1261 704 1345 788 μετὰ

114 805 151 869 δὲ
181 803 245 890 τὴν
275 804 417 890 ἐκβολὴν
448 809 521 870 τῶν
548 805 711 884 βασιλέων
742 804 788 880 είς
823 799 1020 890 ἀναγραφὴν
1051 806 1212 890 δημοσίαν
1244 797 1346 881 αὖθις

115 901 271 992 ἤχθησαν
293 901 347 970 ὑπ’
373 902 498 990 ἀνδρὸς
521 905 727 992 ίεροιγάντου
749 905 858 972 Ιάίόν
879 909 1062 989 Παπιρίου,
1094 908 1157 992 τὴν
1180 905 1344 973 ἁπάντων

114 1014 189 1073 τῶν
220 1007 323 1091 ἱερῶν
348 1007 533 1093 ἡγεμονίαν
561 1008 705 1092 ἔχοντος.
757 1008 805 1072 13.
841 1009 959 1073 Paulus
994 1010 1035 1072 αδ
1070 1010 1184 1074 ίμιῙιιί.
1210 1017 1239 1075 ot
1266 1011 1343 1093 Pop.

112 1111 173 1191 (D.
195 1115 390 1192 acrama:
413 1112 554 1177 Granius
572 1112 705 1176 Flaccus
728 1112 760 1175 in
780 1113 862 1176 libro
882 1113 921 1175 ele
939 1113 1009 1175 iure
1028 1113 1203 1192 Papiriano
1222 1113 1343 1193 scribit,

114 1213 1345 1296 pfflmmwwmmmmfflmmmmmmi

115 1315 318 1382 rianaoiure
343 1317 509 1381 evidenter
530 1317 668 1380 relatum
699 1320 765 1395 est,
803 1335 878 1380 arae
910 1316 1011 1380 ricem
1047 1321 1213 1395 praestare
1251 1335 1344 1397 posse

114 1417 1344 1500 mffimffimmlbwmwmfflpfflmwffiwmmt

112 1518 303 1599 (Vergilius)
324 1515 455 1583 ‘morem
479 1521 627 1600 ritusque
650 1538 811 1584 sacrorum
822 1514 837 1598 ‚³
867 1521 936 1600 ipso
964 1519 1059 1582 titulo
1086 1521 1167 1600 legis
1193 1521 1344 1601 Papiriae

114 1622 1133 1702 umsmtqmmsmmmdemmsmmmmpmMmmm'

598 1826 622 1888 Ι.
647 1825 861 1890 ROMULUS.

524 1981 554 2022 a.
581 1968 663 2022 Jus
685 1969 935 2034 publicum.

203 2094 231 2160 1.
255 2097 354 2162 Dion.
370 2100 463 2176 (2,θ);
477 2099 486 2135 ¹
506 2095 539 2164 Ὁ
555 2098 592 2162 δὲ
604 2096 770 2183 Ῥωμέλος
785 2099 899 2183 ἐπειδὴ
916 2100 1056 2182 διέκρινε
1074 2098 1155 2172 τοῦς
1170 2101 1346 2182 κρείττους

114 2195 213 2278 (τοὺς
224 2201 436 2281 πατρικίους)
452 2195 519 2265 ἀπὸ
533 2206 603 2265 τῶν
620 2199 775 2287 ἡττόνων
792 2206 872 2274 Ιζταλν
890 2205 935 2264 πλ
946 2202 1080 2281 pistoru),
1103 2201 1345 2284 ἐνομοθέτει

112 2299 197 2382 μετὰ
217 2304 323 2365 τοῦτο
346 2302 399 2364 καὶ
426 2302 616 2380 διέταττεν,
647 2297 669 2366 ά
696 2302 757 2389 χρὴ
785 2299 949 2384 πράττειν
972 2300 1158 2386 ἑκατέρους,
1181 2302 1262 2377 tola
1283 2303 1358 2386 μὲνΙ

114 2396 320 2484 εὐπατρίδας
355 2401 510 2495 ἱερᾶσθαί
540 2430 576 2472 τε
615 2407 669 2469 καὶ
702 2400 815 2488 ἐέργειν
849 2406 905 2469 καὶ
938 2403 1099 2486 δικάζειν,
1126 2442 1169 2449 -
1197 2405 1278 2480 τοὺς
1308 2405 1344 2468 δὲ

113 2504 320 2587 δημοτικοὺς
335 2543 375 2549 -
390 2519 549 2590 γεωργεῖν
560 2545 575 2574 ι
586 2504 642 2571 καί
657 2519 882 2590 κτηνοτροαεῑ
885 2531 903 2570 ν
922 2508 977 2571 καὶ
996 2506 1056 2581 τάς
1073 2506 1345 2591 χρηματοποιοδς

113 2603 313 2690 ἐργάζεσθαι
337 2609 462 2690 τέχνας.
491 2645 532 2652 -
559 2605 848 2692 παρακαταθήκας
872 2610 907 2672 δὲ·
930 2607 1036 2672 ἔδωκε
1058 2621 1131 2684 τοῖςἹ
1156 2611 1346 2691 πατρικίοις

113 2707 195 2783 τοῦς
215 2707 427 2793 δημοτικούς,
446 2709 628 2794 ἐπιτρέψας
647 2707 787 2793 ἑκάστη),
810 2747 851 2754 -
876 2703 917 2773 δν
936 2705 1039 2784 αὐτὸς
1057 2707 1216 2788 ἐβούλετο
1233 2712 1345 2794 νέμειν

113 2808 321 2895 προστάτην,
345 2849 386 2858 -
408 2815 624 2897 πατρωνείαν
648 2808 816 2894 ὀνομάσας
838 2811 901 2897 τὴν
923 2813 1138 2894 προστασίαν.

177 2913 231 2973 ’2.
255 2914 352 2978 Dico.
375 2914 514 2995 (2,1o):²
541 2905 599 2979 Ἦν
623 2915 658 2978 δὲ·
682 2913 724 2977 τά
748 2909 801 2978 ὑπ’
827 2913 961 2978 ἐκείνου
989 2911 1067 2978 τότε
1097 2910 1279 2997 ὁρισθέντα
1302 2951 1343 2958 -

113 3117 215 3169 tificem
234 3116 396 3176 marimum.)
422 3117 453 3169 cf.
472 3117 533 3170 Lic.
551 3122 575 3170 1.
594 3121 644 3170 32:
668 3119 749 3169 ‘sacra
771 3115 877 3184 publica
901 3120 932 3169 ut
950 3116 983 3168 ab
1002 3115 1091 3168 Numa
1107 3116 1238 3168 instituta
1256 3119 1344 3175 erant,

113 3231 146 3240 -
165 3218 197 3254 ex
215 3201 412 3254 commentariis
431 3202 501 3268 regis
520 3202 672 3269 pontificem
691 3203 718 3254 in
737 3201 827 3254 albuni
846 3201 932 3254 relata
941 3216 1084 3267 proponere
1101 3201 1128 3252 in
1137 3199 1243 3268 publico
1252 3199 1344 3252 iubet!

112 3286 197 3338 Βίων.
216 3289 241 3348 5,
260 3291 292 3338 1;
309 3282 438 3357 (πρῶτος
459 3284 547 3355 ἱερῶν
564 3285 699 3357 βασιλεὺς
718 3290 771 3352 (res
790 3288 931 3352 sacrorum)
950 3284 1062 3348 Μάνιος
1082 3281 1242 3354 flanimea?

185 3374 209 3434 1)
234 3371 371 3435 (Romulus
394 3375 532 3439 postquam
558 3373 671 3438 potiores
698 3371 731 3424 ab
757 3370 925 3423 inferioribus
951 3376 1112 3431 sacraverat,
1138 3369 1210 3436 leges
1235 3370 1344 3437 proinde

113 3457 179 3509 tulit
204 3459 246 3523 et,
269 3456 333 3524 quid
351 3456 471 3524 utrisque
494 3455 643 3510 iaciendum
662 3459 732 3509 esset
752 3455 893 3523 disposuit:
917 3454 1023 3522 patricii
1041 3452 1194 3506 sacerdotiis
1213 3457 1241 3506 et
1260 3457 1345 3522 magi-

113 3533 245 3594 stratibus
263 3541 440 3607 fungerentur
456 3543 483 3594 et
493 3540 649 3604 iudicarent,
668 3539 765 3607 plebeii
779 3556 840 3592 vero
857 3555 937 3605 agros
956 3539 1083 3602 colerent,
1101 3554 1179 3604 pocus
1197 3536 1301 3593 alerent
1316 3543 1344 3592 et

113 3629 288 3692 quaestuosas
306 3627 378 3678 artes
405 3629 564 3678 exercerent.
601 3625 638 3677 Ut
665 3624 813 3690 depositum
839 3639 898 3676 vero
927 3623 1097 3693 patriciorum
1125 3623 1189 3676 fidei
1212 3625 1344 3677 commisit

114 3709 239 3776 plebeios
259 3709 417 3776 permittens
436 3711 576 3777 unicuique
595 3724 673 3776 quem
695 3709 750 3776 ipse
776 3708 827 3760 sibi
850 3709 932 3761 vellet
955 3706 1055 3775 eligere
1078 3720 1231 3774 patronum,
1255 3712 1344 3776 patro-

113 3799 206 3849 natum
232 3794 370 3862 appellans
393 3794 442 3847 hoe
465 3794 662 3862 patrocinium.)
695 3792 727 3846 of.
749 3793 803 3846 Cic.
823 3793 855 3845 de
872 3810 927 3861 rep.
946 3797 972 3854 2,
991 3796 1022 3844 9:
1043 3793 1180 3846 ‘Romulus
1198 3823 1231 3829 —-
1249 3792 1343 3848 habuit

114 3879 219 3944 plebem
238 3879 266 3930 in
285 3878 424 3931 clientelas
442 3879 590 3947 principum
609 3879 785 3946 descriptam]
796 3908 830 3915 —
843 3879 868 3941 2)
880 3878 953 3943 (Fuit
969 3877 1002 3930 ab
1018 3877 1063 3930 illo
1083 3880 1148 3930 tunc
1167 3879 1343 3931 constitutum

115 3963 153 4016 ius
178 3965 340 4030 patronatus
362 3965 429 4017 tale:
456 3965 580 4031 patricios
605 3963 742 4032 oportebat
768 3963 912 4015 clientibus
936 3963 991 4014 suis
1014 3963 1056 4015 ius
1079 3962 1262 4030 interpretari,
1281 3962 1343 4015 lites

114 4063 156 4114 pro
176 4049 230 4110 eiS,
257 4048 280 4100 si
303 4048 400 4100 iniuria
419 4049 601 4111 afficerentur,
625 4048 778 4110 intendere,
802 4047 945 4116 agentibus
968 4047 1121 4109 subvenire;
1148 4048 1259 4099 clientes
1284 4063 1343 4100 vero

115 4134 256 4200 oportebat
275 4135 400 4200 patronos
419 4149 479 4185 suos
497 4133 587 4186 iuvare
605 4134 633 4185 in
652 4133 809 4186 collocandis
828 4131 949 4198 filiabus,
972 4132 996 4184 si
1018 4134 1143 4203 parentes
1162 4131 1253 4199 opibus
1272 4149 1343 4184 care-

114 4223 180 4285 rent,
200 4219 235 4272 ab
254 4218 378 4270 hostibus
396 4217 525 4270 redimere
544 4219 566 4269 si
584 4217 636 4286 ipsi
654 4221 701 4271 aut
720 4217 799 4270 liberi
825 4217 897 4285 capti
915 4220 1012 4280 essent,
1039 4219 1066 4269 et
1085 4216 1173 4268 litium
1192 4218 1248 4268 tam
1258 4217 1343 4284 priva-

115 4307 200 4356 tarum
220 4302 423 4356 aestimationes
442 4318 520 4370 quam
539 4303 706 4369 publicarum
724 4318 819 4370 poenas
839 4302 1011 4368 pecuniarias,
1031 4301 1053 4353 si
1068 4299 1234 4353 condemnati
1245 4303 1342 4362 essent,

116 4403 158 4453 pro
183 4390 222 4442 eis
247 4388 357 4440 solvere.
395 4387 539 4440 Commune
563 4392 654 4440 autern
673 4388 793 4454 utrisque
812 4389 883 4451 erat,
901 4389 932 4438 ut
950 4402 1033 4452 neque
1052 4385 1092 4438 ias
1110 4400 1193 4451 neque
1212 4384 1253 4437 ius
1273 4392 1343 4437 esset

1103 4469 1139 4520 1³1<
