2916 4860
672 401 776 456 Festus.
1122 399 1125 406 '
1279 405 1339 469 261

113 583 153 639 tr.
176 575 326 653 militum,
352 579 400 653 (rio
421 574 614 655 stipendium
636 576 664 638 ei
685 575 798 653 (latiur-‚l
823 576 855 638 in
879 573 1010 639 tabulas
1034 573 1186 653 refertum
1213 576 1344 656 signare

113 677 199 740 enim
223 676 349 756 antiqui
373 693 431 756 pro
455 676 596 740 scribere
620 676 781 739 interdum
804 676 979 758 ponebant.
1016 675 1053 737 R
1071 679 1146 740 285.
1183 680 1230 754 (P.
1252 679 1340 755 264.)

114 779 221 842 Reus
244 795 329 840 nune
352 777 482 854 dicitur,
506 777 562 858 qui
585 795 716 840 eausam
741 777 833 856 (licit,
858 779 991 843 etitem
1015 780 1171 859 quiquid
1195 780 1343 858 promisit

114 879 326 960 spoponditve
349 897 387 942 ae
410 879 520 956 debet3
544 884 579 942 at
603 878 716 943 Gallus
738 880 850 944 Aelius
869 915 911 925 —
925 881 986 944 ait:
1011 883 1095 945 ‘reus
1118 886 1177 959 est,
1201 882 1255 961 qari
1271 900 1343 944 oum

112 983 217 1046 altero
239 982 329 1045 litem
353 984 569 1045 contestatam
594 981 712 1059 habet,
744 982 814 1064 sive.
840 984 868 1045 is
901 983 968 1063 egit
991 983 1058 1045 sive
1081 999 1151 1045 curn
1175 987 1342 1046 eoactum

114 1087 174 1147 θεῖ.
221 1083 308 1146 Reus
331 1081 591 1169 stipulandoxest
613 1084 708 1162 idem,
732 1084 788 1164 qui
812 1085 986 1164 stipulator
1008 1084 1136 1161 dieitur,
1169 1084 1262 1164 quiae
1285 1103 1343 1148 suo

113 1186 243 1249 nomine
262 1184 303 1248 ab
322 1184 424 1248 altero
443 1185 521 1264 quid
534 1185 709 1265 stipulatus
728 1191 788 1264 est,
807 1204 870 1250 uon
889 1187 993 1266 isqui
1012 1186 1108 1249 alteri
1123 1186 1343 1265 adstipulatus

114 1293 175 1351 θεῖ.
219 1288 306 1351 Reus
329 1286 548 1366 promittendo
572 1292 631 1364 θεῖ,
654 1288 710 1367 qui
733 1305 791 1350 suo
814 1288 943 1351 nomine
966 1288 1062 1351 alteri
1085 1288 1163 1369 quid
1185 1288 1343 1367 promisit,

115 1389 207 1471 (anon)
230 1389 286 1469 qui
307 1405 366 1469 pro
389 1387 491 1451 altero
520 1388 597 1468 quid
620 1387 788 1468 promisit?
833 1389 877 1452 At
900 1387 1016 1471 Capito
1043 1391 1152 1454 Ateius
1175 1390 1207 1452 in
1231 1390 1343 1454 eadem

117 1490 249 1571 quidem
271 1489 420 1568 opinione
444 1494 503 1568 est,
527 1491 583 1554 sed
607 1490 751 1570 exemplo
777 1491 910 1554 adiuvat
928 1491 1245 1573 interpretationem;
1268 1511 1344 1556 nom

115 1594 149 1656 in
169 1589 276 1672 (XII)
295 1592 432 1656 secunda
450 1593 565 1656 tabula
585 1594 725 1656 secunda
748 1592 829 1673 lege,
852 1593 885 1656 in
910 1612 973 1674 qua
993 1594 1149 1674 seriptum
1169 1600 1232 1658 est:
1256 1594 1343 1674 ‘quid

115 1695 241 1757 horum'
267 1705 324 1773 ete,
356 1693 406 1757 bie
423 1699 572 1775 uterque,
601 1700 694 1758 actor
716 1712 863 1776 reasque,
886 1696 919 1758 in
941 1696 1059 1761 iudicio
1082 1695 1176 1760 ‘rens'
1199 1702 1343 1774 vocatur,

117 1798 261 1878 itemque
279 1800 450 1860 aecusator
468 1796 508 1860 de
525 1796 579 1859 via
598 1796 683 1858 citur
697 1813 784 1859 more
794 1801 903 1860 vetere
915 1803 947 1861 θῖ
958 1798 1189 1861 consuetudine
1200 1797 1344 1876 antiqua.

118 1898 157 1962 F.
181 1903 255 1962 273.
296 1899 400 1961 Reus
428 1916 500 1961 eum
528 1915 587 1978 pro
615 1895 761 1983 miroque
780 1905 929 1980 pernetam,
953 1936 996 1944 -
1017 1901 1072 1981 qni
1093 1904 1150 1962 ant
1171 1895 1267 1981 diluit
1285 1916 1344 1978 pro

118 2019 153 2064 εθ
180 1999 251 2083 a[nt
269 2005 376 2064 eontra
402 2006 430 2065 te
455 2001 534 2082 apii,
553 2004 683 2079 uterque
702 1999 894 2083 iaramen]to
915 2007 971 2064 tuo
990 2003 1039 2065 uti
1057 1997 1194 2086 p[otest.]
1218 1999 1255 2062 F.
1271 2001 1355 2063 289..

118 2104 247 2166 Ritus
278 2106 327 2166 θεῖ
350 2121 418 2166 mos
437 2103 664 2183 comprobatus
682 2103 715 2166 in
735 2104 999 2168 administrandis
1015 2100 1188 2167 sacrifieiis.
1220 2101 1256 2166 F.
1271 2103 1345 2166 289.

118 2205 253 2268 Rodus
275 2204 325 2267 vel
348 2204 471 2268 raudus
495 2202 656 2285 signifieat
679 2224 747 2268 rem
770 2206 883 2270 rudem
901 2225 960 2282 -3
984 2223 1058 2268 nam
1082 2223 1194 2269 saxum
1218 2222 1345 2285 quoque

119 2308 244 2371 raudus
268 2306 436 2387 appellant
458 2311 575 2386 poetae
596 2343 647 2369 —.
694 2307 821 2389 Vulgus
848 2307 975 2389 quidem
1005 2307 1038 2370 iu
1061 2325 1122 2370 usu
1145 2306 1261 2370 habuit
1283 2323 1346 2369 nou

119 2408 216 2472 innodo
248 2427 305 2489 pro
336 2426 410 2472 aare
441 2406 638 2488 imperfecte,
662 2445 702 2453 —
727 2411 782 2474 sed
814 2411 912 2487 etiam
944 2427 1002 2489 pro
1035 2409 1181 2490 signato,
1212 2408 1289 2488 quia
1312 2407 1345 2470 in

118 2511 344 2590 mancipando,
378 2529 450 2574 eum
473 2510 593 2574 dicitur
616 2512 795 2576 ‘rudusculo
818 2510 935 2575 libram
958 2509 1073 2590 ferito‚’
1104 2529 1175 2576 asse
1199 2509 1347 2591 tangitur

116 2613 214 2676 libra.
239 2648 279 2657 —
302 2612 339 2678 F.
361 2615 435 2676 265.

121 2715 292 2795 Rogatio
316 2719 374 2794 θεῖ,
398 2734 470 2778 eum
489 2715 627 2795 populus
650 2715 831 2778 consulitur
854 2715 893 2777 de
917 2732 980 2777 uno
1003 2713 1190 2793 pluribusve
1212 2713 1346 2777 homini-

116 2817 192 2894 bus,
216 2817 301 2896 quod
323 2835 387 2880 non
406 2818 448 2881 ad
470 2816 573 2880 omnis
592 2816 763 2894 pertineat,
783 2820 816 2879 θῖ
835 2816 874 2879 de
893 2834 957 2878 una
976 2815 1164 2894 pluribusve
1182 2815 1289 2887 rebus,
1306 2813 1346 2876 de

118 2917 240 2998 quibus
262 2935 325 2982 non
347 2917 494 2982 omnibus
517 2918 696 2982 sanciatur:
715 2936 790 2981 nam
814 2917 900 2997 quod
921 2917 953 2980 in
973 2915 1076 2980 omnis
1094 2915 1238 2980 homines
1256 2932 1348 2977 resve

120 3019 262 3099 populus
291 3020 398 3098 scivit,
431 3021 483 3084 lex
507 3020 702 3100 appellatur.
745 3018 861 3099 Itaque
884 3017 998 3083 Gallus
1021 3018 1132 3082 Aelius
1156 3018 1219 3080 ait:
1252 3016 1347 3079 ‘inter

117 3123 227 3202 legem
251 3126 283 3185 et
305 3121 506 3203 rogationem
529 3121 589 3184 hoo
611 3122 765 3184 interest:
798 3122 925 3201 rogatio
943 3127 993 3185 est
1017 3138 1118 3201 genus
1140 3120 1239 3200 legis3
1264 3137 1347 3201 quae

118 3226 182 3302 lex,
202 3241 264 3286 non
276 3224 426 3287 continuo
447 3242 484 3287 ea
493 3223 619 3303 rogatio
635 3227 698 3299 θεῖς
717 3221 866 3305 (rogatio)
881 3243 944 3288 non
959 3228 1067 3304 potest
1078 3241 1141 3286 non
1152 3240 1222 3285 esse
1239 3220 1300 3299 lex,
1320 3220 1347 3284 si
1372 3287 1374 3291 ,

119 3325 217 3389 modo
241 3326 336 3390 iustis
359 3325 496 3389 comitiis
518 3331 635 3406 rogata
658 3324 728 3387 θεῖ’
773 3325 809 3387 F.
833 3330 907 3389 266.
1376 3376 1377 3380 ,

118 3427 305 3509 Rupitias
323 3429 371 3490 in1
384 3427 447 3491 XII
459 3432 496 3505 (8,
513 3430 541 3503 5)
554 3425 714 3508 signifieat
730 3429 882 3492 damnum
901 3427 1036 3491 dederit.
1055 3425 1176 3489 Eam.
1197 3426 1244 3503 (Ρ.
1258 3426 1345 3501 264.)

120 3531 223 3593 Ruta
248 3548 361 3594 caesa
384 3530 544 3608 dicuntur,
568 3548 653 3610 quae
674 3531 824 3594 venditor
846 3524 1057 3609 possessionis
1076 3528 1126 3591 sui
1144 3545 1222 3590 usus
1242 3524 1349 3606 gratia

119 3631 263 3695 concidit·
285 3632 471 3711 ruendoque
494 3632 641 3696 extraxit.
687 3631 724 3696 F.
747 3635 824 3696 262.

119 3733 243 3796 Saeer
274 3750 365 3819 mons
396 3733 581 3812 appellatur
618 3739 710 3797 trans
742 3721 914 3811 Anienem,
953 3732 1050 3812 paulo
1087 3733 1176 3795 ultra
1215 3731 1349 3794 tertium

119 3833 309 3914 miliarium,
333 3837 421 3915 quod
444 3833 528 3898 eum¹
541 3835 660 3914 plebes,
682 3855 753 3899 eum
773 3836 956 3899 secessisset
975 3854 994 3898 a
1010 3835 1170 3914 patribus,
1188 3867 1231 3878 -
1248 3832 1349 3895 disee-

122 3937 240 4000 ‹lentes
262 3922 331 4000 Iovi
354 3941 632 4000 consecraverunt.
664 3937 708 4000 At
730 3936 824 4000 homo
848 3955 938 4000 sacer
961 3937 989 4001 is
1012 3941 1071 4016 θεῖ,
1095 3954 1190 4016 quem
1213 3932 1351 4015 populos

120 4037 278 4102 iudicavit
307 4038 348 4102 ob
381 4036 587 4115 nralefioiunr;
620 4056 724 4120 neque
756 4037 804 4101 fas
832 4044 881 4102 est
911 4057 984 4102 eum
1007 4038 1182 4114 immolari,
1215 4035 1270 4099 sed
1295 4035 1350 4116 qui

121 4139 254 4218 oceidit,
270 4139 423 4218 parricidi
433 4158 495 4203 non
508 4139 711 4217 damnatur-32
728 4159 803 4204 nam
815 4141 886 4221 lege
897 4140 1072 4204 tribunicia
1086 4140 1191 4220 prima
1206 4143 1350 4216 cavetur,

192 4292 219 4354 1)
238 4290 335 4344 Voeem
359 4291 405 4344 ‘in'
428 4290 507 4345 codex
530 4308 582 4344 nou
604 4290 687 4344 habet
710 4293 781 4344 teste
805 4290 840 4343 K.
864 4293 925 4346 623.
951 4292 984 4344 et.
1008 4308 1087 4359 supra
1104 4308 1134 4358 p.
1153 4293 1190 4343 26
1206 4306 1234 4341 a.
1252 4291 1277 4342 6.
1303 4289 1352 4343 P..-

120 4375 244 4443 ‘Rupitia
263 4375 333 4428 dam.
354 4376 414 4431 ded.
432 4377 509 4446 sign*
525 4407 557 4415 -
572 4377 598 4440 2)
607 4375 696 4429 Maon.
708 4375 767 4429 Sat.
776 4380 801 4442 3,
811 4379 863 4441 7‚5
868 4394 876 4428 :
894 4377 951 4429 ‘hoo
967 4377 1025 4429 loeo
1042 4392 1095 4428 non
1113 4375 1232 4428 alienum
1248 4373 1353 4427 videtur

122 4460 155 4514 de
175 4459 327 4514 conditione
345 4476 435 4515 eorum
452 4462 589 4516 hominum
608 4461 713 4526 referre,
733 4477 797 4529 quos
814 4462 889 4530 leges
907 4477 994 4514 saeros
1013 4477 1069 4514 esse
1087 4460 1167 4513 certis
1181 4459 1232 4513 diis
1246 4459 1350 4523 iubent,
