2916 4860
528 411 623 470 Edicta
640 419 800 485 praetorum.

543 690 706 762 CAPUT
732 691 781 764 V.

519 867 552 932 E
570 866 809 933 DICTA.

307 994 331 1058 I.
353 993 532 1058 Edictum
556 1000 784 1074 perpetuum
808 994 1026 1074 praetoris.¹

415 1146 511 1228 (Pons
534 1147 561 1209 I.
601 1147 654 1211 De
673 1147 741 1211 litis
758 1146 921 1229 exordio.)²

141 1268 196 1332 De
218 1266 522 1331 iurisdictione.³
559 1263 586 1331 l.
610 1264 644 1329 Si
666 1266 738 1348 quis
765 1267 816 1330 ius
839 1266 958 1330 dicenti
987 1284 1051 1330 non
1073 1266 1276 1346 obtempera·

83 1369 165 1450 crit,4
188 1418 195 1434 .
217 1417 224 1430 .
249 1419 256 1432 .
280 1367 407 1452 (quanti
431 1389 468 1433 co
488 1389 540 1433 res
562 1373 616 1446 est,
640 1368 793 1432 iudicium
814 1365 933 1450 datur.)
962 1366 1017 1448 (U.
1040 1372 1069 1431 1.
1092 1367 1136 1433 D.
1158 1370 1191 1446 2,
1214 1368 1258 1448 3.)

144 1469 173 1534 2.
205 1469 239 1534 Si
265 1470 337 1551 quis
359 1471 393 1534 in
415 1471 466 1534 ius
492 1475 625 1534 vocatus
651 1488 714 1534 non
741 1470 844 1550 ierit,5
865 1517 872 1530 .
896 1520 903 1534 .
927 1517 934 1530 .
958 1467 1074 1553 (multa
1102 1487 1160 1550 pro
1182 1468 1278 1534 iuris-

83 1573 196 1638 ctione
218 1570 335 1636 iudicis
354 1569 583 1653 damnabitur.)
608 1570 663 1652 (U.
685 1576 713 1636 1.
736 1570 780 1636 D.
801 1574 834 1649 2,
857 1573 886 1648 5,
909 1574 942 1649 2,
967 1575 1011 1648 1.)

83 1693 260 1702 ---ω

123 1742 150 1802 1)
164 1739 260 1793 Edicta
278 1740 431 1806 praetorum
449 1754 578 1808 nusquam
597 1738 653 1791 fere
671 1737 722 1791 nisi
740 1737 768 1790 in
786 1737 931 1791 Iustiniani
949 1737 1025 1791 libris
1043 1737 1208 1808 digestorum
1222 1739 1278 1792 tra·

83 1834 110 1878 ta
132 1824 209 1879 nobis
227 1827 304 1887 sunt;
329 1838 413 1890 pauca
430 1825 538 1876 tantum
556 1821 617 1876 addi
635 1824 746 1890 possunt
764 1839 778 1876 e
796 1822 933 1890 Cicerone,
955 1822 1050 1888 Festo,
1073 1823 1145 1887 aliia
1168 1823 1278 1890 inscrip-

83 1910 173 1965 >nibus
186 1908 266 1962 ¹nihil
288 1907 322 1961 ad
339 1923 387 1960 nos
408 1908 537 1976 pervenit.
574 1907 605 1960 ln
628 1907 682 1975 dig.
706 1910 798 1960 autern
821 1923 887 1975 quac
910 1906 1041 1960 habemus
1059 1907 1161 1971 edicta,
1183 1910 1279 1960 cuncta

83 2013 106 2049 re
131 2012 162 2050 ox
181 1994 289 2062 Ulpiani
311 1991 386 2045 libris
408 1991 443 2046 ad
467 1991 584 2045 edictum
607 1994 670 2045 sunt
688 1995 811 2061 recepta,
833 2008 912 2060 quem
930 2008 982 2045 non
999 1991 1034 2046 ad
1052 1993 1169 2060 genuina
1186 1994 1279 2046 vetera

83 2081 144 2134 ‚icta
166 2079 249 2133 libros
272 2094 333 2131 suos
351 2077 499 2146 scripsisse,
523 2076 568 2130 sed
587 2076 622 2130 ad
640 2076 758 2131 edictum
774 2077 852 2130 illum
870 2079 1038 2144 perpetuum,
1062 2077 1131 2146 quod
1148 2077 1279 2131 Hadriani

83 2182 116 2233 lp.
144 2164 219 2217 iussu
243 2163 316 2216 Salv.
337 2162 455 2216 Iulianus
477 2161 557 2217 lCtus
584 2163 742 2231 composuit,
770 2162 903 2216 neminem
929 2163 1006 2216 latet.
1054 2161 1113 2227 Qua
1140 2162 1172 2217 dc
1201 2179 1280 2217 causa

84 2266 97 2303 o
123 2249 152 2302 in
171 2247 328 2316 colligendis
352 2247 445 2300 edictis
466 2247 489 2300 is
513 2247 580 2299 mihi
601 2245 779 2300 observandus
797 2245 937 2300 videbatur
954 2246 1059 2310 modus,
1081 2251 1113 2300 nt
1130 2248 1224 2302 seriem
1243 2265 1281 2302 se·

83 2341 133 2389 ltus
151 2333 279 2386 libromm
289 2332 399 2409 Ulpiani
417 2347 587 2400 quaecunque
604 2332 633 2384 in
650 2330 684 2384 iis
703 2331 848 2385 edictorum
866 2331 946 2385 verba
959 2333 1195 2400 genuinaservata
1209 2335 1281 2401 sunt,

83 2434 240 2487 ugererem,
265 2417 355 2486 itaque
381 2416 461 2470 edicti
480 2416 581 2469 iuliani
603 2416 678 2484 quasi
702 2415 820 2484 effigiem
839 2416 987 2486 quandam,
1011 2419 1090 2483 prout
1108 2417 1165 2471 fieri
1183 2421 1281 2485 potest,
1372 2408 1375 2419 ’

84 2505 238 2558 stitncrcm.
272 2502 406 2555 Nimirum
428 2502 460 2553 ut
483 2501 621 2569 integrum
643 2501 752 2555 restitui
769 2502 867 2569 possit,
888 2505 995 2555 tantum
1018 2502 1108 2566 abest,
1131 2506 1162 2556 ut
1180 2503 1224 2555 vix
1241 2502 1281 2555 di·

83 2588 142 2642 ridia
166 2587 311 2641 edictorum
335 2603 395 2655 pars
418 2585 495 2639 nobis
512 2586 637 2654 supersit.
672 2586 876 2654 Deperditorum
893 2588 1042 2640 sententiae
1060 2587 1166 2655 quidem
1184 2603 1282 2654 magna

83 2692 88 2728 ι
106 2675 185 2742 parte
205 2689 219 2726 e
237 2671 352 2740 digestis
369 2671 480 2739 aliisque
498 2671 575 2724 libris
593 2671 652 2740 plus
670 2674 757 2724 minus
775 2672 866 2740 colligi
875 2674 994 2739 possunt,
1004 2672 1077 2725 onius
1087 2674 1125 2725 rei
1134 2673 1280 2740 periculum

83 2774 160 2812 numa
179 2774 238 2811 cum
248 2756 368 2810 doctrina
386 2756 451 2810 iecit
468 2755 631 2823 Rudorfflus
641 2756 689 2822 (ed.
706 2773 781 2825 perp.
792 2773 861 2824 quoe
878 2757 982 2824 reliquo
993 2763 1062 2823 cunt,
1080 2761 1169 2826 1869),
1186 2756 1215 2810 in
1233 2757 1282 2810 hoc

83 2847 147 2898 item
169 2842 237 2895 libro
262 2858 319 2895 meo
344 2840 377 2893 ab
401 2839 529 2894 eiusmodi
547 2841 705 2895 coniecturis
723 2840 858 2909 capiendis
875 2841 1063 2895 abstinendum
1082 2846 1139 2896 erat
1156 2845 1235 2911 atque
1253 2841 1281 2894 id

83 2929 146 2982 »tius
163 2926 353 2994 expetendum,
379 2924 451 2993 quod
475 2924 607 2979 Rudorffii
625 2925 692 2978 libro
710 2925 800 2989 deest,
826 2929 857 2978 ut
884 2942 914 2979 eo
941 2942 1007 2994 quae
1034 2930 1140 2980 servate
1161 2928 1224 2980 sunt
1241 2927 1282 2979 ita

83 3013 263 3081 imponantur,
289 3012 320 3063 ut
337 3026 391 3064 uno
408 3010 437 3063 in
455 3012 596 3076 conspectu
613 2999 701 3064 omnia
719 3009 803 3063 videri
830 3011 940 3079 possint.
983 3010 1059 3064 Unde
1085 3011 1281 3079 deperditorum

83 3097 220 3159 lictorum,
244 3112 311 3163 quac
331 3097 404 3148 certa
423 3093 561 3156 videntur,
583 3094 683 3148 indices
702 3095 799 3149 referre
823 3096 891 3148 satis
909 3095 1002 3158 habui,
1024 3095 1210 3164 actionumque
1228 3095 1280 3148 for-

83 3183 154 3245 ulaS,
178 3181 202 3234 si
220 3196 284 3248 quas
303 3180 441 3243 habemns,
465 3180 493 3232 in
511 3181 582 3233 notis
599 3178 724 3233 indicare.
762 3180 841 3233 Uncis
859 3180 964 3245 inclusi,
982 3181 1074 3249 siqua
1091 3179 1172 3232 verba
1189 3178 1224 3233 ad
1241 3179 1281 3232 in-

83 3264 213 3334 llegenda
231 3264 311 3318 verba
336 3263 462 3318 edictalis
479 3280 492 3317 e
511 3264 706 3317 commentariis
724 3262 826 3317 adicere
843 3280 949 3318 necesse
967 3265 1032 3321 erat.
1050 3296 1084 3304 -
1100 3266 1126 3328 2)
1144 3265 1236 3334 Neque
1254 3265 1282 3317 in

83 3356 150 3406 artes
168 3365 255 3418 neque
273 3349 301 3402 in
319 3348 401 3402 libros
420 3348 534 3402 divisum
552 3348 634 3402 fuisse
652 3347 769 3402 edictum
785 3352 953 3417 perpetuum,
962 3350 1034 3403 inter
1051 3365 1144 3404 omnes
1161 3353 1280 3413 constat;

82 3437 150 3490 tulis
178 3437 268 3489 autem
294 3434 403 3502 singula
428 3432 529 3501 edicta,
551 3449 619 3501 quae
646 3432 681 3487 ad
704 3432 814 3487 eandem
839 3451 893 3488 rem
916 3435 1064 3502 portinent,
1094 3436 1283 3503 comprehensa

83 3524 150 3585 risse,
167 3523 226 3574 tam
244 3518 374 3588 Ulpianus
393 3535 472 3587 quam
489 3519 536 3572 alii
554 3518 659 3581 dicunt;
680 3519 820 3586 titulisque
833 3518 953 3574 rubricae
967 3520 1110 3588 inscriptae
1119 3523 1205 3583 erant,
1216 3536 1282 3589 quae

83 3622 160 3675 agna
185 3621 216 3657 cx
238 3607 315 3673 parte
338 3605 420 3658 etiam
441 3605 471 3656 in
492 3602 606 3670 digestis
624 3603 711 3656 adhuc
728 3603 857 3672 repetitae
875 3607 951 3668 sunt,
973 3605 1057 3658 veluti
1074 3604 1108 3659 de
1126 3606 1161 3658 ‘in
1178 3606 1220 3658 ius
1237 3623 1283 3660 vo·

83 3691 159 3756 mdo',
179 3689 212 3743 de
234 3690 251 3744 i.
275 3690 292 3743 i.
310 3689 448 3756 restitut',
466 3687 508 3742 ‘de
525 3688 580 3744 reb.
598 3687 713 3742 creditis'
731 3693 777 3743 etc.
814 3689 876 3742 Gai.
895 3692 920 3752 4,
937 3693 978 3744 46.
997 3689 1034 3744 D.
1052 3693 1077 3753 3,
1096 3695 1162 3758 1,‘1,·
1179 3695 1284 3758 4,1,1;

83 3781 166 3842 ‚1‚1;
179 3777 379 3842 43,1,2,3;50,
388 3777 431 3840 16,
440 3777 499 3837 195,
508 3777 532 3826 3.
552 3772 830 3827 Titulorumsoriesex
846 3773 954 3841 Ulpiani
972 3775 1135 3844 aliorumque
1154 3776 1230 3829 libris
1248 3775 1283 3829 ad

83 3861 101 3916 l.
118 3861 200 3915 facile
219 3859 396 3927 cognoscitur,
416 3874 545 3927 quaenam
563 3860 652 3912 antem
670 3858 752 3912 fuerit
770 3857 926 3926 disponendi
938 3860 1015 3927 ratio,
1030 3860 1201 3915 vehementer
1213 3861 1283 3913 inter

83 3950 165 4001 ostros
184 3945 357 4012 disceptatur.
393 3944 431 3997 Ut
449 3944 515 3996 mihi
533 3942 639 4011 quidem
657 3942 772 4008 videtur,
795 3941 910 3997 edictum
927 3946 1084 4012 perpetuum
1101 3960 1185 4011 neque
1204 3943 1283 3996 codex

83 4032 137 4098 uis,
160 4045 248 4099 neque
266 4028 327 4083 ordo
345 4027 513 4092 iudiciarius,
537 4044 621 4095 neque
639 4028 708 4081 liber
725 4027 859 4082 actionum
877 4027 930 4081 dici
947 4032 1051 4098 potest,
1069 4029 1115 4083 scd
1132 4028 1283 4096 specialiter

83 4119 168 4170 mtnm
192 4130 224 4168 ex
247 4130 279 4167 ea
301 4129 381 4182 quam
402 4113 430 4167 in
447 4114 503 4166 iure
521 4112 633 4166 dicendo
650 4114 784 4179 praetores
802 4112 960 4168 obtinebant
969 4117 1045 4182 parto
1059 4118 1130 4168 recte
1144 4112 1283 4166 diiudicari

83 4204 159 4256 otest.
195 4199 318 4253 Officium
344 4201 434 4253 autem
452 4199 492 4250 ius
511 4197 624 4251 dicentis
647 4214 676 4252 eo
693 4198 806 4250 maximo
824 4197 1021 4253 continebatur:
1046 4201 1069 4263 l,
1087 4200 1119 4251 nt
1136 4197 1194 4250 litis
1212 4213 1284 4251 exor-

82 4286 135 4340 ium
153 4283 290 4339 ordinaret
296 4304 303 4347 3
326 4283 351 4349 2,
369 4285 400 4335 ut
417 4283 543 4350 actiones,
566 4282 661 4351 quibus
679 4282 787 4350 litigare
810 4285 929 4350 possent,
953 4284 1137 4350 constitueret;
1161 4282 1185 4346 3,
1204 4282 1284 4335 utin

83 4386 114 4425 ne
132 4370 192 4423 litis
210 4383 288 4436 opem
307 4367 388 4420 ferret
405 4367 531 4421 adversus
552 4383 627 4420 rcum
645 4367 689 4421 vel
706 4367 909 4422 condemnatum
925 4369 967 4422 uel
986 4367 1144 4432 confessum,
1166 4382 1284 4420 necnon

82 4454 248 4516 rdefensum,
271 4456 299 4506 et
322 4457 380 4506 tam
402 4452 515 4520 singulis
539 4453 672 4507 actoribus
694 4453 923 4521 quampluribus,
946 4452 992 4521 qui
1010 4451 1132 4506 inbonis
1151 4452 1207 4506 eius
1225 4468 1285 4505 oon-

1032 4537 1081 4590 ic*
