2916 4860
507 385 592 453 Leges
610 385 664 438 XII
682 385 842 439 tabularum.

542 583 713 648 rarum
737 557 783 646 ri

152 722 180 789 1.
210 724 355 786 Houmrrr
368 744 508 785 noarmm
521 743 551 783 ru
565 743 639 784 uara
653 743 689 783 nu
704 742 837 783 scrumro
852 742 926 789 urus
942 740 1034 779 uarro.

144 825 174 886 2.
202 875 209 887 .
229 874 235 886 .
256 874 262 888 .
285 847 340 887 HOC
354 847 423 886 Pars
437 846 474 885 NI}
488 846 598 886 anemo:
614 846 712 887 ROGUM
726 845 813 886 Ascua
826 845 863 884 NE
876 843 982 883 POLITO.

143 923 173 990 3.
200 926 264 991 Cic.
287 925 336 1006 (de
358 926 417 1007 lep.
440 931 472 1003 2,
496 931 562 1007 23).·
579 927 764 989 Extenuato
788 926 889 1005 igitur
912 926 1053 1001 sumptu,
1077 921 1208 984 tribus
1232 919 1284 981 ri·

83 1029 174 1093 ,niis
207 1033 244 1091 et
266 1028 444 1092 tunicula
472 1046 666 1108 purpurae
697 1033 734 1092 et
761 1027 894 1090 decem
919 1023 1160 1098 tibicinibus
1188 1021 1283 1094 tollit,

83 1132 157 1194 iam
180 1130 452 1194 lamentationem.

142 1229 174 1292 4.
206 1230 359 1295 MULIERES
375 1255 464 1296 GENAS
480 1255 515 1294 ΝΕ
531 1255 670 1304 RADUNTO,
684 1255 758 1296 NEVE
770 1253 879 1294 LESSUM
894 1252 1014 1292 FUNERIS
1027 1250 1102 1291 ERGO
1116 1247 1257 1290 ΗΔΒΕΝΤΟ.

143 1332 173 1394 5.
210 1353 238 1397 a.
267 1334 382 1398 Homul
396 1357 511 1398 MORTUO
525 1358 561 1398 NE
576 1358 643 1398 OSSA
656 1357 766 1405 LEGITO,
781 1357 835 1406 QUO
849 1355 918 1396 POST
932 1353 1022 1393 EUNUS
1035 1350 1143 1392 racina.

209 1434 238 1497 b.
263 1433 327 1500 Cic.
351 1435 384 1517 (I.
409 1436 457 1518 c.).·
478 1436 607 1515 Excipit
629 1437 776 1501 bellicam
799 1435 1064 1517 peregrinamque
1086 1435 1232 1493 mortem.

144 1535 174 1600 6.
211 1555 237 1601 a.
262 1535 325 1602 Orc.
343 1538 376 1618 (i.
396 1539 445 1620 o.):
464 1538 552 1602 Haec
571 1543 741 1618 praeterea
758 1543 834 1602 sunt
852 1539 884 1601 in
903 1534 1030 1615 legibus
1053 1553 1103 1596 —:
1127 1533 1284 1597 servilis

83 1644 228 1702 notura
251 1639 414 1703 tollitur
437 1643 602 1721 omnisque
625 1639 955 1720 circumpotaiio;²
973 1672 1016 1680 —
1034 1653 1074 1699 ne
1095 1640 1284 1714 sumptuosa

83 1742 270 1822 aspersio,
297 1760 337 1805 ne
364 1742 502 1824 longae
534 1761 701 1807 coronae
729 1761 786 1806 nec
818 1759 979 1805 acerrae
1009 1739 1285 1821 praetereantur.3

83 1880 96 1887 -
119 1845 152 1908 b.
175 1842 277 1908 Feri:
306 1845 484 1909 Murrata
507 1846 663 1925 potione
686 1862 762 1908 usos
785 1845 954 1923 animum,
977 1842 1095 1906 iudicio
1119 1845 1177 1919 est,
1201 1839 1284 1920 quod

83 1980 97 1988 -
121 1943 187 2008 XII
209 1945 275 2009 tab.
301 1956 441 2025 cavetur,
464 1984 505 1992 —
528 1966 567 2010 ue
590 1953 717 2011 mortuo
740 1946 880 2009 indatur.

125 2115 161 2165 X.
181 2114 204 2165 l.
225 2112 278 2166 Oa'c.
298 2113 339 2177 (de
357 2115 404 2183 leq.
422 2119 450 2182 2,
467 2119 580 2183 23‚58J:
598 2115 686 2169 ‘Vides
705 2119 831 2184 quaesiui
850 2119 879 2166 in
897 2117 1032 2182 pontificio
1042 2117 1106 2179 iure,
1124 2115 1167 2164 sed
1185 2130 1287 2179 quaero,

83 2196 182 2245 fiduam
201 2196 237 2245 sit
255 2197 283 2245 in
299 2197 416 2261 legibus?
435 2223 468 2230 -
486 2213 515 2245 oa
534 2214 584 2245 non
601 2195 658 2245 tam
676 2198 706 2245 ad
724 2196 877 2260 religionem
901 2201 1024 2258 spectant,
1047 2207 1121 2257 quam
1140 2192 1172 2240 ad
1189 2192 1231 2240 ius
1249 2207 1287 2240 se·

83 2273 222 2321 ulcrorum:
255 2284 387 2320 Hominum
414 2300 446 2306 -
474 2285 574 2336 UR1T0‚
600 2274 687 2338 inquit
708 2274 795 2322 lexin
818 2271 877 2320 XII.
910 2271 989 2320 Credo
1011 2269 1051 2319 vel
1082 2279 1188 2333 propter
1214 2268 1286 2331 iguis

83 2343 221 2396 rriculum’.

127 2419 152 2471 2.
173 2419 227 2472 Cic.
248 2421 273 2485 (i.
294 2438 313 2474 c.
333 2425 391 2477 59r:
414 2423 478 2474 ‘Iam
495 2436 577 2475 cetera
595 2427 624 2474 in
641 2425 692 2474 XII
709 2420 843 2474 minuendi
869 2435 985 2488 sumptus
1004 2434 1063 2474 sunt
1079 2422 1286 2472 lamentationis-

83 2516 107 2548 re
124 2499 251 2562 funebris,
269 2503 392 2552 translata
411 2503 440 2551 de
459 2503 561 2551 Solonis
579 2502 630 2550 fere
647 2502 761 2566 legibus:
780 2513 834 2549 Hoc
853 2495 1020 2550 -POL1r0’.

128 2572 155 2626 3.
174 2571 229 2625 Cic.
248 2573 273 2636 (l.
292 2578 338 2631 oi:
357 2576 388 2628 ‘N
392 2580 455 2629 ostis
473 2595 537 2644 quae
551 2589 702 2643 sequuntur;
721 2580 879 2629 discebamus
898 2579 966 2627 enim
977 2579 1052 2641 pueri
1063 2577 1122 2640 XII,
1141 2586 1169 2626 ut
1187 2594 1285 2627 carmen

83 2653 244 2715 massarium,
267 2671 328 2718 quas
346 2655 399 2703 iam
418 2671 490 2703 nemo
510 2655 593 2704 dIscit.
614 2655 757 2704 Extenuato
781 2650 871 2718 igitur’
890 2657 936 2704 etc.
972 2650 1014 2702 Id.
1033 2654 1078 2718 25,
1095 2654 1145 2702 64:
1163 2652 1287 2718 ‘sumptu-

83 2748 127 2783 sa*
142 2732 232 2780 funera
256 2742 280 2780 et
297 2733 496 2785 lamentabilm*
511 2733 613 2782 Solonis
631 2733 689 2796 Iege
707 2734 807 2783 sublata
825 2743 892 2796 sunt,
910 2749 984 2798 quam
993 2734 1076 2797 Iegem
1094 2734 1190 2782 eisdem
1207 2748 1287 2797 prope

83 2810 146 2858 erbis
169 2809 251 2858 nostri
269 2808 346 2859 Xviri
370 2811 397 2857 in
421 2810 544 2859 decimam
568 2810 679 2859 tabulam
699 2811 873 2869 coniecerunt3
897 2827 956 2859 nam
979 2810 1007 2858 de
1033 2811 1117 2866 ¹tribus
1135 2810 1242 2859 reciniis
1262 2818 1286 2858 et

83 2886 184 2950 Ieraquc
204 2886 251 2934 illa
270 2886 372 2934 Solonis
391 2883 467 2936 sunt’.
504 2888 541 2935 (ff.
560 2882 631 2936 Fest.
668 2889 814 2936 Recinium.
834 2883 905 2936 Nora
924 2887 1055 2938 Ricinum.

131 2959 157 3010 4.
178 2957 231 3011 Orc.
259 2957 286 3024 (l.
310 2975 331 3012 c.
358 2963 402 3026 25,
429 2962 486 3021 64):
512 2960 558 3013 ‘De
580 2965 722 3018 lamentis*
737 2981 853 3029 expressa
874 2966 959 3014 verbis
986 2974 1056 3014 sunt:
1089 2973 1229 3010 mamaccas
1252 2987 1285 2994 -

83 3034 209 3087 ABEnuo'.
262 3034 335 3088 ΙΙΙ-ἑά.
363 3037 417 3102 (23,
444 3040 502 3098 59).·
539 3037 618 3090 ‘tollit
644 3042 723 3090 etiam
748 3043 969 3091 lamentationem:
1005 3052 1145 3090 MULIERES
1171 3065 1205 3074 -
1230 3050 1285 3085 HA-

83 3125 160 3162 cnuo.
186 3141 220 3148 —
242 3116 331 3164 Aelius
358 3117 452 3165 lessum
480 3119 554 3183 quasi
580 3119 715 3182 lugubrem
733 3119 913 3182 eiulationem,
937 3131 966 3169 ut
992 3137 1039 3170 vox
1057 3119 1117 3182 ipsa
1146 3116 1287 3181 significat,

83 3191 127 3239 uod
147 3209 176 3240 eo
193 3194 277 3256 magis
296 3195 383 3242 iudico
401 3211 488 3244 vorum
506 3212 567 3259 esse,
585 3196 647 3260 quia
663 3195 704 3244 lex
722 3197 824 3244 SolonIs
843 3197 870 3245 id
886 3197 971 3260 ipsum
985 3191 1068 3247 vctat'.
1089 3188 1141 3242 Cic.
1153 3186 1240 3249 (Tuae.
1259 3189 1286 3252 2,

83 3265 122 3324 3):
145 3263 227 3316 ‘fletus
247 3264 382 3332 (16332813),
406 3287 480 3334 quern
497 3270 549 3319 XII
567 3271 616 3320 tab.
635 3271 664 3319 in
682 3272 813 3320 funeribus
834 3272 952 3321 adhiberi
977 3269 1078 3322 vetant'.
1115 3267 1188 3318 Pla'rc.
1208 3269 1241 3329 (rt.
1260 3264 1286 3317 b.

83 3344 103 3407 1,
120 3343 165 3407 58,
183 3344 259 3405 157).·
291 3342 368 3396 ‘Infra
395 3348 480 3396 oculos
509 3350 591 3397 malae
618 3375 660 3412 —,
687 3365 748 3413 quas
775 3350 856 3414 prisci
884 3344 978 3412 ‘genas’
1005 3350 1136 3411 vocabant,
1162 3346 1213 3396 XII
1236 3345 1285 3394 tab.

83 3421 199 3470 rterdicto
216 3423 273 3471 radi
297 3424 434 3472 afeminis
457 3421 587 3474 vetantes'.
623 3421 696 3474 Sero.
715 3422 762 3488 [ad
780 3422 846 3475 Aera.
865 3427 909 3490 12,
927 3426 1004 3476 6061·
1031 3424 1141 3476 ‘cautum
1162 3426 1219 3488 Iege
1236 3422 1288 3472 XII

83 3499 120 3560 ab,
143 3515 175 3547 ne
198 3499 317 3549 mulieres
342 3510 472 3566 carperent
495 3502 596 3566 faciem,
618 3504 661 3552 his
686 3501 780 3553 verbis:
809 3505 902 3553 mulier
925 3502 1015 3551 faciem
1040 3519 1070 3551 ne
1095 3495 1212 3565 carpito’.
1249 3499 1287 3548 ef.

83 3569 135 3624 'eac
154 3577 259 3625 Radere.

129 3649 154 3700 5.
175 3648 229 3702 Cic.
248 3648 290 3714 (de
303 3650 350 3717 lep.
370 3654 397 3716 2,
415 3654 459 3717 24,
477 3653 537 3714 60).·
555 3652 688 3718 ‘funebria
706 3659 799 3721 quibus
816 3657 900 3707 luctus
915 3665 1030 3720 augetur,
1048 3656 1100 3704 XII
1118 3655 1285 3704 sustulerunt:

83 3739 217 3776 0M1N1-
236 3743 351 3791 ΡΑοΙΑΤ,
385 3732 458 3779 credo
485 3733 551 3796 quod
583 3743 637 3781 erat
662 3733 816 3796 factitatum,
844 3743 871 3783 ut
897 3734 944 3783 uni
970 3734 1044 3796 plura
1063 3735 1152 3782 fierent
1170 3727 1287 3793 (funera)

83 3807 173 3871 actique
192 3808 278 3871 plures
298 3816 475 3871 sternerentur,
495 3810 522 3857 id
541 3811 606 3873 quod
625 3827 655 3858 ue
667 3812 746 3873 fieret,
763 3812 820 3875 lege
831 3822 946 3861 sanetum
964 3821 1012 3866 est;
1032 3804 1136 3872 excipit’
1155 3804 1214 3858 etos*
1250 3805 1287 3855 Cf.

83 3878 155 3932 biae.
174 3880 213 3932 ad
231 3880 302 3948 Pap.
321 3898 365 3947 qu.
384 3881 400 3933 I.
419 3881 461 3947 ΙΙ,
480 3881 517 3932 od
536 3882 572 3933 I).
591 3888 616 3943 3,
634 3886 662 3950 2,
680 3887 724 3951 25,
742 3888 767 3935 1.

129 3957 153 4009 6.
173 3961 210 4010 Of.
230 3956 296 4024 Lep.
318 3956 426 4009 Numae
442 3962 466 4009 1.
486 3956 559 4010 Feci.
578 3964 742 4025 Responsum.
761 3959 862 4013 Acerra.

129 4112 153 4177 l)
173 4109 276 4162 Totum
303 4109 381 4161 huius
404 4109 514 4162 tabulae
538 4113 725 4177 argumentum
748 4127 800 4163 uno
819 4114 942 4163 contextu
960 4112 1076 4163 relatum
1094 4112 1121 4163 ct
1139 4109 1287 4160 tractatum

83 4192 165 4246 nibet
187 4192 244 4246 Orc.
262 4192 352 4261 dclep.
370 4197 396 4257 2,
414 4197 458 4247 23.
477 4198 521 4247 24.
541 4194 593 4260 (Cf.
611 4195 678 4262 Hm,
696 4195 782 4248 ZRG.
798 4201 841 4263 11,
859 4197 1076 4262 138-42).-2)
1094 4195 1149 4248 AL:
1168 4192 1287 4244 ‘circum-

83 4278 192 4343 ubaiio',
213 4276 283 4345 quod
302 4276 397 4344 probat
415 4278 471 4331 Ha.
491 4280 530 4347 (p.
547 4283 616 4346 139).
635 4311 667 4317 —
685 4281 711 4344 3)
729 4279 836 4334 Manat.
851 4283 878 4333 ei
897 4280 969 4334 Hm:
988 4282 1029 4333 ‘ne
1038 4278 1164 4346 respersio
1183 4279 1236 4342 (sie)
1253 4291 1286 4328 ne

83 4378 217 4417 -acerrae
243 4362 443 4430 praeferantur.
463 4393 496 4400 -
513 4364 540 4431 4)
559 4365 648 4418 Verba
670 4364 753 4418 ‘credo
772 4395 805 4403 —
823 4366 873 4418 est'
896 4365 923 4416 in
948 4364 1021 4418 codd.
1040 4381 1091 4416 nou
1113 4362 1287 4414 inveniuntur

83 4463 108 4501 oc
128 4450 200 4513 loco,
228 4447 274 4500 sed
299 4447 368 4501 infra
392 4451 452 4516 post
471 4449 557 4502 locum
579 4465 634 4502 nro.
659 4450 818 4515 Tallatum,
837 4449 907 4514 unde
924 4449 1017 4502 Dirbs.
1036 4448 1133 4515 aliique
1152 4447 1286 4516 propriam
