<?xml version="1.0" encoding="UTF-8"?>
<!DOCTYPE html PUBLIC "-//W3C//DTD XHTML 1.0 Transitional//EN"
    "http://www.w3.org/TR/xhtml1/DTD/xhtml1-transitional.dtd">
<html xmlns="http://www.w3.org/1999/xhtml" xml:lang="en" lang="en">
 <head>
  <title>
</title>
<meta http-equiv="Content-Type" content="text/html;charset=utf-8" />
  <meta name='ocr-system' content='tesseract 3.04.00' />
  <meta name='ocr-capabilities' content='ocr_page ocr_carea ocr_par ocr_line ocrx_word'/>
</head>
<body>
  <div class='ocr_page' id='page_1' title='image "./fontesiurisroma01brungoog_0051.png"; bbox 0 0 2916 4860; ppageno 0'>
   <div class='ocr_carea' id='block_1_1' title="bbox 115 390 895 459">
    <p class='ocr_par' dir='ltr' id='par_1_1' title="bbox 115 390 895 459">
     <span class='ocr_line' id='line_1_1' title="bbox 115 390 895 459; baseline -0.006 -12"><span class='ocrx_word' id='word_1_1' title='bbox 115 396 157 459; x_wconf 82' lang='lat'>34</span> <span class='ocrx_word' id='word_1_2' title='bbox 560 393 642 457; x_wconf 83' lang='lat' dir='ltr'>Leges</span> <span class='ocrx_word' id='word_1_3' title='bbox 660 390 713 443; x_wconf 86' lang='lat' dir='ltr'>XII</span> <span class='ocrx_word' id='word_1_4' title='bbox 733 391 895 444; x_wconf 87' lang='lat' dir='ltr'>tabularum.</span> 
     </span>
    </p>
   </div>
   <div class='ocr_carea' id='block_1_2' title="bbox 116 547 1341 1869">
    <p class='ocr_par' dir='ltr' id='par_1_2' title="bbox 116 547 1341 1063">
     <span class='ocr_line' id='line_1_2' title="bbox 200 547 1340 644; baseline -0.003 -15"><span class='ocrx_word' id='word_1_5' title='bbox 200 566 230 631; x_wconf 79' lang='grc'>2,</span> <span class='ocrx_word' id='word_1_6' title='bbox 255 567 287 631; x_wconf 83' lang='lat' dir='ltr'>Si</span> <span class='ocrx_word' id='word_1_7' title='bbox 297 547 402 631; x_wconf 74' lang='lat' dir='ltr'>servus</span> <span class='ocrx_word' id='word_1_8' title='bbox 416 588 532 628; x_wconf 83' lang='lat' dir='ltr'>suanum</span> <span class='ocrx_word' id='word_1_9' title='bbox 546 586 784 626; x_wconf 80' lang='lat' dir='ltr'>rnxrnuoxmnrvn</span> <span class='ocrx_word' id='word_1_10' title='bbox 794 566 919 634; x_wconf 65' lang='lat' dir='ltr'>morial.</span> <span class='ocrx_word' id='word_1_11' title='bbox 934 614 939 626; x_wconf 94' lang='lat'>.</span> <span class='ocrx_word' id='word_1_12' title='bbox 955 563 1029 633; x_wconf 76' lang='lat' dir='ltr'>Gai.</span> <span class='ocrx_word' id='word_1_13' title='bbox 1039 562 1082 643; x_wconf 78' lang='grc'>(4,</span> <span class='ocrx_word' id='word_1_14' title='bbox 1093 564 1160 644; x_wconf 79' lang='lat'>75):</span> <span class='ocrx_word' id='word_1_15' title='bbox 1180 561 1230 626; x_wconf 89' lang='lat' dir='ltr'>Ex</span> <span class='ocrx_word' id='word_1_16' title='bbox 1243 563 1340 626; x_wconf 83' lang='lat' dir='ltr'>male·</span> 
     </span>
     <span class='ocr_line' id='line_1_3' title="bbox 116 665 1341 745; baseline -0.005 -12"><span class='ocrx_word' id='word_1_17' title='bbox 116 669 197 735; x_wconf 88' lang='lat' dir='ltr'>ficiis</span> <span class='ocrx_word' id='word_1_18' title='bbox 212 669 352 733; x_wconf 90' lang='lat' dir='ltr'>filiorum</span> <span class='ocrx_word' id='word_1_19' title='bbox 368 666 509 732; x_wconf 75' lang='lat' dir='ltr'><strong>familias</strong></span> <span class='ocrx_word' id='word_1_20' title='bbox 523 684 728 730; x_wconf 82' lang='lat' dir='ltr'>servorumve</span> <span class='ocrx_word' id='word_1_21' title='bbox 749 702 783 708; x_wconf 97' lang='lat'>-</span> <span class='ocrx_word' id='word_1_22' title='bbox 798 667 928 729; x_wconf 76' lang='lat' dir='ltr'>noxales</span> <span class='ocrx_word' id='word_1_23' title='bbox 945 665 1086 728; x_wconf 77' lang='lat' dir='ltr'>actiones</span> <span class='ocrx_word' id='word_1_24' title='bbox 1097 665 1246 745; x_wconf 86' lang='lat' dir='ltr'>proditae</span> <span class='ocrx_word' id='word_1_25' title='bbox 1258 676 1341 743; x_wconf 77' lang='lat' dir='ltr'>sunt,</span> 
     </span>
     <span class='ocr_line' id='line_1_4' title="bbox 116 764 1341 850; baseline -0.006 -14"><span class='ocrx_word' id='word_1_26' title='bbox 116 773 165 836; x_wconf 91' lang='lat' dir='ltr'>uti</span> <span class='ocrx_word' id='word_1_27' title='bbox 181 773 293 836; x_wconf 87' lang='lat' dir='ltr'>liceret</span> <span class='ocrx_word' id='word_1_28' title='bbox 306 771 392 850; x_wconf 90' lang='lat' dir='ltr'>patri</span> <span class='ocrx_word' id='word_1_29' title='bbox 407 770 573 833; x_wconf 81' lang='lat' dir='ltr'>dominove</span> <span class='ocrx_word' id='word_1_30' title='bbox 589 773 647 831; x_wconf 88' lang='lat' dir='ltr'>aut</span> <span class='ocrx_word' id='word_1_31' title='bbox 660 768 727 830; x_wconf 88' lang='lat' dir='ltr'>litis</span> <span class='ocrx_word' id='word_1_32' title='bbox 741 767 999 830; x_wconf 79' lang='lat' dir='ltr'>aestimationem</span> <span class='ocrx_word' id='word_1_33' title='bbox 1014 764 1158 845; x_wconf 79' lang='lat' dir='ltr'>sufferre,</span> <span class='ocrx_word' id='word_1_34' title='bbox 1173 771 1231 829; x_wconf 88' lang='lat' dir='ltr'>aut</span> <span class='ocrx_word' id='word_1_35' title='bbox 1241 784 1341 829; x_wconf 89' lang='lat' dir='ltr'>noxae</span> 
     </span>
     <span class='ocr_line' id='line_1_5' title="bbox 118 867 1341 948; baseline -0.007 -10"><span class='ocrx_word' id='word_1_36' title='bbox 118 875 234 938; x_wconf 88' lang='lat' dir='ltr'>dedere</span> <span class='ocrx_word' id='word_1_37' title='bbox 243 910 293 935; x_wconf 93' lang='lat'>—.</span> <span class='ocrx_word' id='word_1_38' title='bbox 311 871 515 936; x_wconf 71' lang='lat' dir='ltr'>constitutae</span> <span class='ocrx_word' id='word_1_39' title='bbox 531 875 606 933; x_wconf 92' lang='lat' dir='ltr'>sunt</span> <span class='ocrx_word' id='word_1_40' title='bbox 618 905 661 913; x_wconf 95' lang='lat'>—-</span> <span class='ocrx_word' id='word_1_41' title='bbox 679 874 736 932; x_wconf 85' lang='lat' dir='ltr'>aut</span> <span class='ocrx_word' id='word_1_42' title='bbox 752 869 878 948; x_wconf 82' lang='lat' dir='ltr'>legibus</span> <span class='ocrx_word' id='word_1_43' title='bbox 901 872 958 931; x_wconf 90' lang='lat' dir='ltr'>aut</span> <span class='ocrx_word' id='word_1_44' title='bbox 978 868 1096 931; x_wconf 89' lang='lat' dir='ltr'>edicto:</span> <span class='ocrx_word' id='word_1_45' title='bbox 1115 867 1243 948; x_wconf 82' lang='lat' dir='ltr'>legibus</span> <span class='ocrx_word' id='word_1_46' title='bbox 1255 867 1341 931; x_wconf 84' lang='lat' dir='ltr'>velut</span> 
     </span>
     <span class='ocr_line' id='line_1_6' title="bbox 117 974 455 1063; baseline -0.006 -25"><span class='ocrx_word' id='word_1_47' title='bbox 117 974 197 1063; x_wconf 88' lang='lat' dir='ltr'>furti</span> <span class='ocrx_word' id='word_1_48' title='bbox 219 975 289 1055; x_wconf 80' lang='lat' dir='ltr'>lege</span> <span class='ocrx_word' id='word_1_49' title='bbox 307 974 370 1045; x_wconf 85' lang='lat' dir='ltr'>XII</span> <span class='ocrx_word' id='word_1_50' title='bbox 389 974 455 1037; x_wconf 72' lang='lat' dir='ltr'>tab,</span> 
     </span>
    </p>

    <p class='ocr_par' dir='ltr' id='par_1_3' title="bbox 116 1074 1340 1253">
     <span class='ocr_line' id='line_1_7' title="bbox 202 1074 1340 1143; baseline 0.002 -7"><span class='ocrx_word' id='word_1_51' title='bbox 202 1074 231 1137; x_wconf 78' lang='lat'>3.</span> <span class='ocrx_word' id='word_1_52' title='bbox 271 1076 304 1140; x_wconf 80' lang='lat' dir='ltr'>SI</span> <span class='ocrx_word' id='word_1_53' title='bbox 320 1097 467 1140; x_wconf 80' lang='lat' dir='ltr'>VINDIGIAIII</span> <span class='ocrx_word' id='word_1_54' title='bbox 476 1097 586 1136; x_wconf 80' lang='lat' dir='ltr'>FALSAM</span> <span class='ocrx_word' id='word_1_55' title='bbox 600 1096 693 1143; x_wconf 81' lang='lat' dir='ltr'>TULIT,</span> <span class='ocrx_word' id='word_1_56' title='bbox 712 1096 737 1134; x_wconf 88' lang='lat' dir='ltr'>SI</span> <span class='ocrx_word' id='word_1_57' title='bbox 752 1096 835 1136; x_wconf 74' lang='lat' dir='ltr'>VELIT</span> <span class='ocrx_word' id='word_1_58' title='bbox 850 1096 875 1135; x_wconf 83' lang='lat' dir='ltr'>IS</span> <span class='ocrx_word' id='word_1_59' title='bbox 890 1127 895 1135; x_wconf 92' lang='lat'><em>.</em></span> <span class='ocrx_word' id='word_1_60' title='bbox 911 1126 935 1134; x_wconf 89' lang='lat'>..</span> <span class='ocrx_word' id='word_1_61' title='bbox 955 1096 1009 1136; x_wconf 75' lang='lat' dir='ltr'>&#39;I&#39;OR</span> <span class='ocrx_word' id='word_1_62' title='bbox 1028 1095 1165 1135; x_wconf 82' lang='lat' dir='ltr'>ARBITROS</span> <span class='ocrx_word' id='word_1_63' title='bbox 1185 1095 1249 1135; x_wconf 74' lang='lat' dir='ltr'>ritis</span> <span class='ocrx_word' id='word_1_64' title='bbox 1266 1096 1340 1139; x_wconf 79' lang='lat' dir='ltr'>DATO.</span> 
     </span>
     <span class='ocr_line' id='line_1_8' title="bbox 116 1198 1268 1253; baseline -0.004 -12"><span class='ocrx_word' id='word_1_65' title='bbox 116 1201 213 1243; x_wconf 83' lang='lat' dir='ltr'>EORUM</span> <span class='ocrx_word' id='word_1_66' title='bbox 227 1199 361 1250; x_wconf 72' lang='lat' dir='ltr'>ARBITRIO</span> <span class='ocrx_word' id='word_1_67' title='bbox 376 1231 380 1239; x_wconf 94' lang='lat'>.</span> <span class='ocrx_word' id='word_1_68' title='bbox 397 1231 401 1239; x_wconf 93' lang='lat'><em>.</em></span> <span class='ocrx_word' id='word_1_69' title='bbox 417 1231 422 1239; x_wconf 92' lang='lat'>.</span> <span class='ocrx_word' id='word_1_70' title='bbox 436 1200 561 1240; x_wconf 82' lang='lat' dir='ltr'>FRUCTUS</span> <span class='ocrx_word' id='word_1_71' title='bbox 576 1198 717 1238; x_wconf 75' lang='lat' dir='ltr'>DUPLIONII</span> <span class='ocrx_word' id='word_1_72' title='bbox 735 1199 856 1238; x_wconf 76' lang='lat' dir='ltr'>Damnum</span> <span class='ocrx_word' id='word_1_73' title='bbox 872 1199 1009 1238; x_wconf 74' lang='lat' dir='ltr'>DECIDI&#39;I&#39;O.</span> <span class='ocrx_word' id='word_1_74' title='bbox 1266 1248 1268 1253; x_wconf 20' lang='grc' dir='ltr'><strong><em>Α</em></strong></span> 
     </span>
    </p>

    <p class='ocr_par' dir='ltr' id='par_1_4' title="bbox 118 1269 1340 1664">
     <span class='ocr_line' id='line_1_9' title="bbox 201 1269 1340 1359; baseline -0.002 -19"><span class='ocrx_word' id='word_1_75' title='bbox 201 1279 231 1341; x_wconf 87' lang='grc'>4.</span> <span class='ocrx_word' id='word_1_76' title='bbox 255 1280 329 1343; x_wconf 79' lang='lat' dir='ltr'>Gai.</span> <span class='ocrx_word' id='word_1_77' title='bbox 342 1280 360 1341; x_wconf 88' lang='lat' dir='ltr'>I.</span> <span class='ocrx_word' id='word_1_78' title='bbox 385 1278 440 1341; x_wconf 87' lang='lat' dir='ltr'>VI.</span> <span class='ocrx_word' id='word_1_79' title='bbox 455 1279 496 1340; x_wconf 83' lang='lat' dir='ltr'>od</span> <span class='ocrx_word' id='word_1_80' title='bbox 521 1277 603 1343; x_wconf 85' lang='lat' dir='ltr'>XII</span> <span class='ocrx_word' id='word_1_81' title='bbox 615 1276 672 1356; x_wconf 83' lang='lat' dir='ltr'>(D.</span> <span class='ocrx_word' id='word_1_82' title='bbox 686 1281 737 1356; x_wconf 79' lang='lat'>44,</span> <span class='ocrx_word' id='word_1_83' title='bbox 749 1282 778 1355; x_wconf 83' lang='grc'>6,</span> <span class='ocrx_word' id='word_1_84' title='bbox 798 1278 846 1359; x_wconf 82' lang='lat'>3).·</span> <span class='ocrx_word' id='word_1_85' title='bbox 865 1279 954 1354; x_wconf 79' lang='lat' dir='ltr'>Rem,</span> <span class='ocrx_word' id='word_1_86' title='bbox 979 1279 1017 1341; x_wconf 92' lang='lat' dir='ltr'>de</span> <span class='ocrx_word' id='word_1_87' title='bbox 1038 1269 1102 1357; x_wconf 86' lang='lat' dir='ltr'>qua</span> <span class='ocrx_word' id='word_1_88' title='bbox 1126 1278 1340 1340; x_wconf 79' lang='lat' dir='ltr'>controuersia</span> 
     </span>
     <span class='ocr_line' id='line_1_10' title="bbox 121 1378 1340 1462; baseline -0.003 -17"><span class='ocrx_word' id='word_1_89' title='bbox 121 1388 180 1461; x_wconf 90' lang='lat' dir='ltr'>est,</span> <span class='ocrx_word' id='word_1_90' title='bbox 204 1382 412 1462; x_wconf 83' lang='lat' dir='ltr'>prohibemur</span> <span class='ocrx_word' id='word_1_91' title='bbox 435 1380 513 1460; x_wconf 82' lang='lat' dir='ltr'>(lege</span> <span class='ocrx_word' id='word_1_92' title='bbox 524 1379 606 1442; x_wconf 87' lang='lat' dir='ltr'>XII</span> <span class='ocrx_word' id='word_1_93' title='bbox 613 1379 687 1461; x_wconf 85' lang='lat' dir='ltr'>tob.)</span> <span class='ocrx_word' id='word_1_94' title='bbox 710 1380 743 1442; x_wconf 94' lang='lat' dir='ltr'>in</span> <span class='ocrx_word' id='word_1_95' title='bbox 767 1397 894 1443; x_wconf 88' lang='lat' dir='ltr'>sacrum</span> <span class='ocrx_word' id='word_1_96' title='bbox 910 1380 1075 1443; x_wconf 89' lang='lat' dir='ltr'>dedicare:</span> <span class='ocrx_word' id='word_1_97' title='bbox 1096 1378 1239 1458; x_wconf 89' lang='lat' dir='ltr'>alioquin</span> <span class='ocrx_word' id='word_1_98' title='bbox 1256 1378 1340 1457; x_wconf 88' lang='lat' dir='ltr'>dupli</span> 
     </span>
     <span class='ocr_line' id='line_1_11' title="bbox 118 1478 1338 1563; baseline -0.004 -17"><span class='ocrx_word' id='word_1_99' title='bbox 118 1502 255 1563; x_wconf 87' lang='lat' dir='ltr'>poenam</span> <span class='ocrx_word' id='word_1_100' title='bbox 277 1483 429 1562; x_wconf 85' lang='lat' dir='ltr'>patimur,</span> <span class='ocrx_word' id='word_1_101' title='bbox 452 1518 493 1525; x_wconf 92' lang='lat'><em>-</em></span> <span class='ocrx_word' id='word_1_102' title='bbox 518 1483 573 1546; x_wconf 89' lang='lat' dir='ltr'>sed</span> <span class='ocrx_word' id='word_1_103' title='bbox 597 1481 730 1560; x_wconf 91' lang='lat' dir='ltr'>duplum</span> <span class='ocrx_word' id='word_1_104' title='bbox 754 1487 863 1544; x_wconf 90' lang='lat' dir='ltr'>utrum</span> <span class='ocrx_word' id='word_1_105' title='bbox 882 1478 957 1544; x_wconf 88' lang='lat' dir='ltr'>fisco</span> <span class='ocrx_word' id='word_1_106' title='bbox 977 1501 1018 1544; x_wconf 88' lang='lat' dir='ltr'>an</span> <span class='ocrx_word' id='word_1_107' title='bbox 1042 1480 1227 1543; x_wconf 87' lang='lat' dir='ltr'>adversario</span> <span class='ocrx_word' id='word_1_108' title='bbox 1251 1498 1338 1558; x_wconf 89' lang='lat' dir='ltr'>prae·</span> 
     </span>
     <span class='ocr_line' id='line_1_12' title="bbox 119 1584 670 1664; baseline -0.005 -16"><span class='ocrx_word' id='word_1_109' title='bbox 119 1585 271 1649; x_wconf 88' lang='lat' dir='ltr'>standum</span> <span class='ocrx_word' id='word_1_110' title='bbox 291 1584 344 1663; x_wconf 85' lang='lat' dir='ltr'>sit,&#39;</span> <span class='ocrx_word' id='word_1_111' title='bbox 366 1584 447 1647; x_wconf 88' lang='lat' dir='ltr'>nihil</span> <span class='ocrx_word' id='word_1_112' title='bbox 471 1585 670 1664; x_wconf 85' lang='lat' dir='ltr'>exprimitur.</span> 
     </span>
    </p>

    <p class='ocr_par' dir='ltr' id='par_1_5' title="bbox 119 1684 1339 1869">
     <span class='ocr_line' id='line_1_13' title="bbox 203 1684 1339 1768; baseline -0.002 -20"><span class='ocrx_word' id='word_1_113' title='bbox 203 1685 232 1748; x_wconf 75' lang='lat'>5.</span> <span class='ocrx_word' id='word_1_114' title='bbox 254 1686 366 1750; x_wconf 73' lang='lat' dir='ltr'>lacius</span> <span class='ocrx_word' id='word_1_115' title='bbox 385 1685 426 1768; x_wconf 82' lang='grc'>(7,</span> <span class='ocrx_word' id='word_1_116' title='bbox 451 1686 515 1766; x_wconf 78' lang='grc'>17)·</span> <span class='ocrx_word' id='word_1_117' title='bbox 537 1687 570 1748; x_wconf 93' lang='lat' dir='ltr'>in</span> <span class='ocrx_word' id='word_1_118' title='bbox 593 1684 656 1748; x_wconf 88' lang='lat' dir='ltr'>XII</span> <span class='ocrx_word' id='word_1_119' title='bbox 675 1686 740 1749; x_wconf 90' lang='lat' dir='ltr'>tab.</span> <span class='ocrx_word' id='word_1_120' title='bbox 759 1684 864 1766; x_wconf 85' lang='lat' dir='ltr'>Iegem</span> <span class='ocrx_word' id='word_1_121' title='bbox 884 1703 964 1763; x_wconf 83' lang='lat' dir='ltr'>esse,</span> <span class='ocrx_word' id='word_1_122' title='bbox 984 1690 1020 1747; x_wconf 92' lang='lat' dir='ltr'>ut</span> <span class='ocrx_word' id='word_1_123' title='bbox 1039 1684 1254 1764; x_wconf 88' lang='lat' dir='ltr'>quodcunque</span> <span class='ocrx_word' id='word_1_124' title='bbox 1274 1702 1339 1763; x_wconf 92' lang='lat' dir='ltr'>pos-</span> 
     </span>
     <span class='ocr_line' id='line_1_14' title="bbox 119 1787 1046 1869; baseline -0.006 -17"><span class='ocrx_word' id='word_1_125' title='bbox 119 1795 258 1852; x_wconf 89' lang='lat' dir='ltr'>tremum</span> <span class='ocrx_word' id='word_1_126' title='bbox 282 1787 419 1869; x_wconf 87' lang='lat' dir='ltr'>populus</span> <span class='ocrx_word' id='word_1_127' title='bbox 443 1788 600 1865; x_wconf 75' lang='lat' dir='ltr'>iussIsset,</span> <span class='ocrx_word' id='word_1_128' title='bbox 623 1788 656 1851; x_wconf 87' lang='lat' dir='ltr'>id</span> <span class='ocrx_word' id='word_1_129' title='bbox 679 1789 729 1851; x_wconf 89' lang='lat' dir='ltr'>ius</span> <span class='ocrx_word' id='word_1_130' title='bbox 756 1791 928 1867; x_wconf 89' lang='lat' dir='ltr'>ratumque</span> <span class='ocrx_word' id='word_1_131' title='bbox 952 1791 1046 1850; x_wconf 89' lang='lat' dir='ltr'>esset.</span> 
     </span>
    </p>
   </div>
   <div class='ocr_carea' id='block_1_3' title="bbox 168 1933 1303 2092">
    <p class='ocr_par' dir='ltr' id='par_1_6' title="bbox 168 1933 1303 2092">
     <span class='ocr_line' id='line_1_15' title="bbox 168 1933 1303 2092; baseline -0.001 -39"><span class='ocrx_word' id='word_1_132' title='bbox 168 1933 518 2088; x_wconf 71' lang='lat' dir='ltr'>ADDITAMENTUII</span> <span class='ocrx_word' id='word_1_133' title='bbox 537 1989 755 2054; x_wconf 82' lang='lat' dir='ltr'>INCERTAE</span> <span class='ocrx_word' id='word_1_134' title='bbox 776 1990 896 2055; x_wconf 82' lang='lat' dir='ltr'>SEDIS</span> <span class='ocrx_word' id='word_1_135' title='bbox 916 1955 1303 2092; x_wconf 55' lang='lat' dir='ltr'>rememoremur</span> 
     </span>
    </p>
   </div>
   <div class='ocr_carea' id='block_1_4' title="bbox 119 2134 1340 2932">
    <p class='ocr_par' dir='ltr' id='par_1_7' title="bbox 119 2134 1340 2932">
     <span class='ocr_line' id='line_1_16' title="bbox 207 2134 1202 2222; baseline 0.001 -27"><span class='ocrx_word' id='word_1_136' title='bbox 207 2134 234 2199; x_wconf 87' lang='lat'>1.</span> <span class='ocrx_word' id='word_1_137' title='bbox 258 2135 389 2222; x_wconf 77' lang='lat' dir='ltr'>Festos:</span> <span class='ocrx_word' id='word_1_138' title='bbox 411 2135 612 2200; x_wconf 85' lang='lat' dir='ltr'>Nanoitor3</span> <span class='ocrx_word' id='word_1_139' title='bbox 634 2138 667 2199; x_wconf 93' lang='lat' dir='ltr'>in</span> <span class='ocrx_word' id='word_1_140' title='bbox 691 2136 753 2199; x_wconf 84' lang='lat' dir='ltr'>XII</span> <span class='ocrx_word' id='word_1_141' title='bbox 772 2141 887 2200; x_wconf 91' lang='lat' dir='ltr'>nactus</span> <span class='ocrx_word' id='word_1_142' title='bbox 911 2136 982 2213; x_wconf 84' lang='lat' dir='ltr'>erit,</span> <span class='ocrx_word' id='word_1_143' title='bbox 1006 2136 1202 2216; x_wconf 87' lang='lat' dir='ltr'>praenderit.</span> 
     </span>
     <span class='ocr_line' id='line_1_17' title="bbox 154 2233 1340 2328; baseline 0.002 -30"><span class='ocrx_word' id='word_1_144' title='bbox 154 2284 155 2287; x_wconf 16' lang='grc' dir='ltr'>η</span> <span class='ocrx_word' id='word_1_145' title='bbox 205 2235 234 2298; x_wconf 80' lang='grc'>2.</span> <span class='ocrx_word' id='word_1_146' title='bbox 257 2237 386 2302; x_wconf 83' lang='lat' dir='ltr'>Festos:</span> <span class='ocrx_word' id='word_1_147' title='bbox 405 2233 593 2313; x_wconf 80' lang='lat' dir='ltr'>‘Quando&#39;</span> <span class='ocrx_word' id='word_1_148' title='bbox 614 2275 656 2284; x_wconf 89' lang='lat'>-</span> <span class='ocrx_word' id='word_1_149' title='bbox 672 2240 704 2302; x_wconf 92' lang='lat' dir='ltr'>in</span> <span class='ocrx_word' id='word_1_150' title='bbox 715 2233 1035 2328; x_wconf 58' lang='lat' dir='ltr'>Xliscmnfc&#39;litera</span> <span class='ocrx_word' id='word_1_151' title='bbox 1045 2237 1160 2301; x_wconf 89' lang='lat' dir='ltr'>ultima</span> <span class='ocrx_word' id='word_1_152' title='bbox 1171 2236 1340 2325; x_wconf 67' lang='lat' dir='ltr'>scribitur-⁴</span> 
     </span>
     <span class='ocr_line' id='line_1_18' title="bbox 207 2333 1340 2421; baseline -0.001 -20"><span class='ocrx_word' id='word_1_153' title='bbox 207 2337 236 2404; x_wconf 89' lang='lat'>3.</span> <span class='ocrx_word' id='word_1_154' title='bbox 261 2340 388 2404; x_wconf 81' lang='lat' dir='ltr'>Festos:</span> <span class='ocrx_word' id='word_1_155' title='bbox 406 2337 486 2404; x_wconf 77' lang='lat' dir='ltr'>‘Sub</span> <span class='ocrx_word' id='word_1_156' title='bbox 514 2359 569 2404; x_wconf 87' lang='lat' dir='ltr'>vos</span> <span class='ocrx_word' id='word_1_157' title='bbox 600 2335 699 2421; x_wconf 87' lang='lat' dir='ltr'>pIaco&#39;</span> <span class='ocrx_word' id='word_1_158' title='bbox 725 2376 767 2384; x_wconf 95' lang='lat'><strong>—</strong></span> <span class='ocrx_word' id='word_1_159' title='bbox 791 2339 951 2421; x_wconf 84' lang='lat' dir='ltr'>significat</span> <span class='ocrx_word' id='word_1_160' title='bbox 978 2377 1019 2383; x_wconf 94' lang='lat'><strong>—</strong></span> <span class='ocrx_word' id='word_1_161' title='bbox 1044 2333 1224 2420; x_wconf 84' lang='lat' dir='ltr'>‘supplico&#39;,</span> <span class='ocrx_word' id='word_1_162' title='bbox 1252 2347 1288 2403; x_wconf 89' lang='lat' dir='ltr'>ut</span> <span class='ocrx_word' id='word_1_163' title='bbox 1313 2340 1340 2401; x_wconf 91' lang='lat' dir='ltr'>in</span> 
     </span>
     <span class='ocr_line' id='line_1_19' title="bbox 123 2437 1017 2522; baseline 0 -18"><span class='ocrx_word' id='word_1_164' title='bbox 123 2442 248 2522; x_wconf 81' lang='lat' dir='ltr'>legibus</span> <span class='ocrx_word' id='word_1_165' title='bbox 268 2439 474 2522; x_wconf 81' lang='lat' dir='ltr'>‘transque</span> <span class='ocrx_word' id='word_1_166' title='bbox 498 2440 599 2505; x_wconf 85' lang='lat' dir='ltr'>dato’</span> <span class='ocrx_word' id='word_1_167' title='bbox 626 2450 658 2506; x_wconf 90' lang='lat' dir='ltr'>et</span> <span class='ocrx_word' id='word_1_168' title='bbox 678 2440 836 2522; x_wconf 81' lang='lat' dir='ltr'>‘endoque</span> <span class='ocrx_word' id='word_1_169' title='bbox 855 2437 1017 2522; x_wconf 78' lang='lat' dir='ltr'>plorato’.⁵</span> 
     </span>
     <span class='ocr_line' id='line_1_20' title="bbox 208 2539 1339 2626; baseline 0.001 -22"><span class='ocrx_word' id='word_1_170' title='bbox 208 2542 237 2606; x_wconf 78' lang='lat'>4.</span> <span class='ocrx_word' id='word_1_171' title='bbox 260 2543 378 2607; x_wconf 84' lang='lat' dir='ltr'>Donat.</span> <span class='ocrx_word' id='word_1_172' title='bbox 399 2544 539 2625; x_wconf 81' lang='lat' dir='ltr'>(od&#39;Ter.</span> <span class='ocrx_word' id='word_1_173' title='bbox 554 2544 639 2607; x_wconf 78' lang='lat' dir='ltr'>Eua</span> <span class='ocrx_word' id='word_1_174' title='bbox 652 2549 686 2621; x_wconf 80' lang='lat'>3,</span> <span class='ocrx_word' id='word_1_175' title='bbox 707 2549 736 2622; x_wconf 79' lang='lat'>3,</span> <span class='ocrx_word' id='word_1_176' title='bbox 756 2544 799 2620; x_wconf 83' lang='lat'>9):</span> <span class='ocrx_word' id='word_1_177' title='bbox 818 2541 929 2608; x_wconf 77' lang='lat' dir='ltr'>‘dolo</span> <span class='ocrx_word' id='word_1_178' title='bbox 953 2539 1082 2621; x_wconf 85' lang='lat' dir='ltr'>man;&#39;</span> <span class='ocrx_word' id='word_1_179' title='bbox 1100 2545 1339 2626; x_wconf 60' lang='lat' dir='ltr'>quodtaddidit</span> 
     </span>
     <span class='ocr_line' id='line_1_21' title="bbox 119 2641 1326 2730; baseline -0.001 -21"><span class='ocrx_word' id='word_1_180' title='bbox 119 2641 458 2730; x_wconf 63' lang='lat' dir='ltr'>‘malo’,*dppatopdc</span> <span class='ocrx_word' id='word_1_181' title='bbox 481 2655 539 2727; x_wconf 85' lang='lat' dir='ltr'>est,</span> <span class='ocrx_word' id='word_1_182' title='bbox 554 2648 640 2729; x_wconf 55' lang='lat' dir='ltr'>jquia</span> <span class='ocrx_word' id='word_1_183' title='bbox 663 2648 708 2710; x_wconf 90' lang='lat' dir='ltr'>sic</span> <span class='ocrx_word' id='word_1_184' title='bbox 731 2647 763 2710; x_wconf 92' lang='lat' dir='ltr'>in</span> <span class='ocrx_word' id='word_1_185' title='bbox 786 2646 847 2710; x_wconf 88' lang='lat' dir='ltr'>XII</span> <span class='ocrx_word' id='word_1_186' title='bbox 871 2667 890 2710; x_wconf 88' lang='lat' dir='ltr'>a</span> <span class='ocrx_word' id='word_1_187' title='bbox 913 2646 1076 2710; x_wconf 87' lang='lat' dir='ltr'>veteribus</span> <span class='ocrx_word' id='word_1_188' title='bbox 1099 2649 1256 2729; x_wconf 90' lang='lat' dir='ltr'>scriptum</span> <span class='ocrx_word' id='word_1_189' title='bbox 1276 2653 1326 2712; x_wconf 92' lang='lat' dir='ltr'>est.</span> 
     </span>
     <span class='ocr_line' id='line_1_22' title="bbox 208 2747 1340 2831; baseline -0.002 -21"><span class='ocrx_word' id='word_1_190' title='bbox 208 2747 236 2810; x_wconf 84' lang='lat' dir='ltr'>b.</span> <span class='ocrx_word' id='word_1_191' title='bbox 264 2749 327 2813; x_wconf 78' lang='lat' dir='ltr'>Oto.</span> <span class='ocrx_word' id='word_1_192' title='bbox 352 2748 401 2830; x_wconf 86' lang='lat' dir='ltr'>(dc</span> <span class='ocrx_word' id='word_1_193' title='bbox 422 2771 487 2830; x_wconf 79' lang='lat' dir='ltr'>rep.</span> <span class='ocrx_word' id='word_1_194' title='bbox 510 2754 542 2827; x_wconf 82' lang='lat'>2,</span> <span class='ocrx_word' id='word_1_195' title='bbox 571 2752 633 2830; x_wconf 85' lang='lat'><strong><em>31).·</em></strong></span> <span class='ocrx_word' id='word_1_196' title='bbox 659 2751 699 2813; x_wconf 88' lang='lat' dir='ltr'>ab</span> <span class='ocrx_word' id='word_1_197' title='bbox 731 2750 815 2812; x_wconf 94' lang='lat' dir='ltr'>omni</span> <span class='ocrx_word' id='word_1_198' title='bbox 842 2749 961 2812; x_wconf 89' lang='lat' dir='ltr'>iudicio</span> <span class='ocrx_word' id='word_1_199' title='bbox 988 2767 1155 2829; x_wconf 83' lang='lat' dir='ltr'>poenaque</span> <span class='ocrx_word' id='word_1_200' title='bbox 1182 2748 1340 2831; x_wconf 86' lang='lat' dir='ltr'>provocari</span> 
     </span>
     <span class='ocr_line' id='line_1_23' title="bbox 122 2850 974 2932; baseline 0.001 -19"><span class='ocrx_word' id='word_1_201' title='bbox 122 2850 229 2929; x_wconf 79' lang='lat' dir='ltr'>licere,</span> <span class='ocrx_word' id='word_1_202' title='bbox 253 2852 398 2914; x_wconf 89' lang='lat' dir='ltr'>indicant</span> <span class='ocrx_word' id='word_1_203' title='bbox 420 2851 482 2914; x_wconf 87' lang='lat' dir='ltr'>XII</span> <span class='ocrx_word' id='word_1_204' title='bbox 507 2853 574 2916; x_wconf 89' lang='lat' dir='ltr'>tab.</span> <span class='ocrx_word' id='word_1_205' title='bbox 600 2851 817 2932; x_wconf 83' lang='lat' dir='ltr'>compluribus</span> <span class='ocrx_word' id='word_1_206' title='bbox 840 2850 974 2931; x_wconf 81' lang='lat' dir='ltr'>legibus.</span> 
     </span>
    </p>
   </div>
   <div class='ocr_carea' id='block_1_5' title="bbox 124 3018 1344 3778">
    <p class='ocr_par' dir='ltr' id='par_1_8' title="bbox 124 3018 1343 3545">
     <span class='ocr_line' id='line_1_24' title="bbox 191 3018 1341 3090; baseline -0.002 -18"><span class='ocrx_word' id='word_1_207' title='bbox 191 3019 215 3072; x_wconf 76' lang='lat'>2.</span> <span class='ocrx_word' id='word_1_208' title='bbox 239 3019 302 3088; x_wconf 71' lang='lat' dir='ltr'>Uip.</span> <span class='ocrx_word' id='word_1_209' title='bbox 322 3018 360 3072; x_wconf 81' lang='lat' dir='ltr'>ad</span> <span class='ocrx_word' id='word_1_210' title='bbox 376 3018 417 3072; x_wconf 79' lang='lat' dir='ltr'>ed.</span> <span class='ocrx_word' id='word_1_211' title='bbox 437 3018 483 3086; x_wconf 84' lang='lat' dir='ltr'>(D.</span> <span class='ocrx_word' id='word_1_212' title='bbox 502 3024 527 3086; x_wconf 83' lang='lat'>9,</span> <span class='ocrx_word' id='word_1_213' title='bbox 544 3024 569 3088; x_wconf 79' lang='lat'>4,</span> <span class='ocrx_word' id='word_1_214' title='bbox 587 3026 614 3087; x_wconf 77' lang='lat'>2,</span> <span class='ocrx_word' id='word_1_215' title='bbox 633 3025 672 3075; x_wconf 90' lang='grc'>1).·</span> <span class='ocrx_word' id='word_1_216' title='bbox 702 3025 797 3073; x_wconf 81' lang='lat' dir='ltr'>‘Celsus</span> <span class='ocrx_word' id='word_1_217' title='bbox 816 3024 987 3072; x_wconf 86' lang='lat' dir='ltr'>differentiam</span> <span class='ocrx_word' id='word_1_218' title='bbox 1009 3025 1072 3074; x_wconf 84' lang='lat' dir='ltr'>t&#39;acit</span> <span class='ocrx_word' id='word_1_219' title='bbox 1096 3025 1197 3074; x_wconf 86' lang='lat' dir='ltr'>interl.</span> <span class='ocrx_word' id='word_1_220' title='bbox 1217 3027 1341 3090; x_wconf 84' lang='lat' dir='ltr'>Aquiliam</span> 
     </span>
     <span class='ocr_line' id='line_1_25' title="bbox 126 3101 1342 3167; baseline 0.003 -18"><span class='ocrx_word' id='word_1_221' title='bbox 126 3101 184 3150; x_wconf 88' lang='lat' dir='ltr'>etl.</span> <span class='ocrx_word' id='word_1_222' title='bbox 202 3101 255 3150; x_wconf 89' lang='lat' dir='ltr'>XII</span> <span class='ocrx_word' id='word_1_223' title='bbox 272 3102 323 3150; x_wconf 84' lang='lat' dir='ltr'>tab.</span> <span class='ocrx_word' id='word_1_224' title='bbox 359 3103 426 3150; x_wconf 88' lang='lat' dir='ltr'>Nam</span> <span class='ocrx_word' id='word_1_225' title='bbox 449 3103 478 3151; x_wconf 91' lang='lat' dir='ltr'>in</span> <span class='ocrx_word' id='word_1_226' title='bbox 500 3102 556 3167; x_wconf 88' lang='lat' dir='ltr'>Iege</span> <span class='ocrx_word' id='word_1_227' title='bbox 581 3103 696 3166; x_wconf 85' lang='lat' dir='ltr'>antiqua,</span> <span class='ocrx_word' id='word_1_228' title='bbox 721 3103 744 3150; x_wconf 93' lang='lat' dir='ltr'>si</span> <span class='ocrx_word' id='word_1_229' title='bbox 767 3119 852 3152; x_wconf 84' lang='lat' dir='ltr'>servus</span> <span class='ocrx_word' id='word_1_230' title='bbox 877 3102 970 3150; x_wconf 79' lang='lat' dir='ltr'>sciente</span> <span class='ocrx_word' id='word_1_231' title='bbox 994 3101 1097 3150; x_wconf 91' lang='lat' dir='ltr'>domino</span> <span class='ocrx_word' id='word_1_232' title='bbox 1115 3102 1212 3152; x_wconf 87' lang='lat' dir='ltr'>furtum</span> <span class='ocrx_word' id='word_1_233' title='bbox 1230 3104 1299 3165; x_wconf 80' lang='lat' dir='ltr'>fecit,</span> <span class='ocrx_word' id='word_1_234' title='bbox 1315 3125 1342 3134; x_wconf 88' lang='lat'>-·</span> 
     </span>
     <span class='ocr_line' id='line_1_26' title="bbox 125 3178 1343 3245; baseline 0.002 -21"><span class='ocrx_word' id='word_1_235' title='bbox 125 3178 193 3226; x_wconf 79' lang='lat' dir='ltr'>servi</span> <span class='ocrx_word' id='word_1_236' title='bbox 211 3179 316 3226; x_wconf 87' lang='lat' dir='ltr'>nomine</span> <span class='ocrx_word' id='word_1_237' title='bbox 333 3179 401 3227; x_wconf 89' lang='lat' dir='ltr'>actio</span> <span class='ocrx_word' id='word_1_238' title='bbox 416 3188 454 3227; x_wconf 91' lang='lat' dir='ltr'>est</span> <span class='ocrx_word' id='word_1_239' title='bbox 471 3180 585 3242; x_wconf 89' lang='lat' dir='ltr'>noxalis,</span> <span class='ocrx_word' id='word_1_240' title='bbox 603 3196 648 3228; x_wconf 84' lang='lat' dir='ltr'>nec</span> <span class='ocrx_word' id='word_1_241' title='bbox 667 3180 786 3227; x_wconf 92' lang='lat' dir='ltr'>dominus</span> <span class='ocrx_word' id='word_1_242' title='bbox 805 3196 849 3227; x_wconf 91' lang='lat' dir='ltr'>suo</span> <span class='ocrx_word' id='word_1_243' title='bbox 863 3180 964 3227; x_wconf 90' lang='lat' dir='ltr'>nomine</span> <span class='ocrx_word' id='word_1_244' title='bbox 979 3189 1088 3237; x_wconf 66' lang='lat' dir='ltr'>tanetum</span> <span class='ocrx_word' id='word_1_245' title='bbox 1108 3190 1133 3228; x_wconf 85' lang='lat' dir='ltr'>at</span> <span class='ocrx_word' id='word_1_246' title='bbox 1151 3180 1180 3228; x_wconf 93' lang='lat' dir='ltr'>in</span> <span class='ocrx_word' id='word_1_247' title='bbox 1198 3181 1215 3228; x_wconf 94' lang='lat' dir='ltr'>I.</span> <span class='ocrx_word' id='word_1_248' title='bbox 1237 3178 1343 3245; x_wconf 83' lang='lat' dir='ltr'>Aquilia,</span> 
     </span>
     <span class='ocr_line' id='line_1_27' title="bbox 126 3254 1343 3319; baseline -0.002 -17"><span class='ocrx_word' id='word_1_249' title='bbox 126 3254 221 3318; x_wconf 84' lang='lat' dir='ltr'>inquit,</span> <span class='ocrx_word' id='word_1_250' title='bbox 240 3256 359 3303; x_wconf 90' lang='lat' dir='ltr'>dominus</span> <span class='ocrx_word' id='word_1_251' title='bbox 378 3273 423 3304; x_wconf 91' lang='lat' dir='ltr'>suo</span> <span class='ocrx_word' id='word_1_252' title='bbox 441 3257 544 3305; x_wconf 89' lang='lat' dir='ltr'>nomine</span> <span class='ocrx_word' id='word_1_253' title='bbox 563 3266 674 3319; x_wconf 88' lang='lat' dir='ltr'>tenetur,</span> <span class='ocrx_word' id='word_1_254' title='bbox 693 3273 745 3304; x_wconf 88' lang='lat' dir='ltr'>non</span> <span class='ocrx_word' id='word_1_255' title='bbox 763 3256 837 3305; x_wconf 80' lang='lat' dir='ltr'>serui.</span> <span class='ocrx_word' id='word_1_256' title='bbox 855 3280 889 3288; x_wconf 89' lang='lat'>-</span> <span class='ocrx_word' id='word_1_257' title='bbox 908 3255 957 3304; x_wconf 86' lang='lat' dir='ltr'>Sed</span> <span class='ocrx_word' id='word_1_258' title='bbox 975 3254 999 3302; x_wconf 88' lang='lat' dir='ltr'>si</span> <span class='ocrx_word' id='word_1_259' title='bbox 1016 3256 1124 3318; x_wconf 84' lang='lat' dir='ltr'>placeat,</span> <span class='ocrx_word' id='word_1_260' title='bbox 1146 3256 1213 3319; x_wconf 93' lang='lat' dir='ltr'>quod</span> <span class='ocrx_word' id='word_1_261' title='bbox 1235 3257 1343 3305; x_wconf 84' lang='lat' dir='ltr'>IuIianus</span> 
     </span>
     <span class='ocr_line' id='line_1_28' title="bbox 124 3330 1343 3396; baseline 0.003 -20"><span class='ocrx_word' id='word_1_262' title='bbox 124 3353 156 3360; x_wconf 97' lang='lat'>-</span> <span class='ocrx_word' id='word_1_263' title='bbox 175 3330 277 3378; x_wconf 89' lang='lat' dir='ltr'>scribit:</span> <span class='ocrx_word' id='word_1_264' title='bbox 300 3341 325 3377; x_wconf 81' lang='lat' dir='ltr'>SI</span> <span class='ocrx_word' id='word_1_265' title='bbox 343 3355 376 3361; x_wconf 98' lang='lat'><em>-</em></span> <span class='ocrx_word' id='word_1_266' title='bbox 394 3341 505 3392; x_wconf 74' lang='lat' dir='ltr'>NOCUIT,</span> <span class='ocrx_word' id='word_1_267' title='bbox 523 3332 600 3381; x_wconf 88' lang='lat' dir='ltr'>etiam</span> <span class='ocrx_word' id='word_1_268' title='bbox 619 3331 650 3379; x_wconf 84' lang='lat' dir='ltr'>ad</span> <span class='ocrx_word' id='word_1_269' title='bbox 669 3331 821 3394; x_wconf 89' lang='lat' dir='ltr'>posteriores</span> <span class='ocrx_word' id='word_1_270' title='bbox 839 3332 908 3394; x_wconf 86' lang='lat' dir='ltr'>leges</span> <span class='ocrx_word' id='word_1_271' title='bbox 925 3331 1060 3394; x_wconf 87' lang='lat' dir='ltr'>pertinere,</span> <span class='ocrx_word' id='word_1_272' title='bbox 1079 3334 1173 3394; x_wconf 88' lang='lat' dir='ltr'>poterit</span> <span class='ocrx_word' id='word_1_273' title='bbox 1192 3334 1254 3396; x_wconf 86' lang='lat' dir='ltr'>dici,</span> <span class='ocrx_word' id='word_1_274' title='bbox 1273 3335 1343 3382; x_wconf 87' lang='lat' dir='ltr'>etiam</span> 
     </span>
     <span class='ocr_line' id='line_1_29' title="bbox 126 3402 1343 3472; baseline 0.003 -20"><span class='ocrx_word' id='word_1_275' title='bbox 126 3406 193 3453; x_wconf 88' lang='lat' dir='ltr'>servi</span> <span class='ocrx_word' id='word_1_276' title='bbox 212 3407 314 3454; x_wconf 88' lang='lat' dir='ltr'>nomine</span> <span class='ocrx_word' id='word_1_277' title='bbox 333 3425 389 3456; x_wconf 88' lang='lat' dir='ltr'>cum</span> <span class='ocrx_word' id='word_1_278' title='bbox 409 3409 511 3457; x_wconf 89' lang='lat' dir='ltr'>domino</span> <span class='ocrx_word' id='word_1_279' title='bbox 532 3408 576 3472; x_wconf 86' lang='lat' dir='ltr'>agi</span> <span class='ocrx_word' id='word_1_280' title='bbox 594 3424 666 3471; x_wconf 88' lang='lat' dir='ltr'>posse</span> <span class='ocrx_word' id='word_1_281' title='bbox 685 3408 772 3456; x_wconf 86' lang='lat' dir='ltr'>noxali</span> <span class='ocrx_word' id='word_1_282' title='bbox 790 3404 904 3457; x_wconf 83' lang='lat' dir='ltr'>iudicio&#39;.</span> <span class='ocrx_word' id='word_1_283' title='bbox 926 3407 963 3456; x_wconf 88' lang='lat' dir='ltr'>Cf.</span> <span class='ocrx_word' id='word_1_284' title='bbox 983 3402 1055 3456; x_wconf 69' lang='lat' dir='ltr'>Feri.</span> <span class='ocrx_word' id='word_1_285' title='bbox 1074 3409 1168 3457; x_wconf 81' lang='lat' dir='ltr'>Noxia.</span> <span class='ocrx_word' id='word_1_286' title='bbox 1186 3406 1222 3460; x_wconf 89' lang='lat' dir='ltr'>D.</span> <span class='ocrx_word' id='word_1_287' title='bbox 1237 3408 1343 3471; x_wconf 78' lang='lat'>47‚6‚5;</span> 
     </span>
     <span class='ocr_line' id='line_1_30' title="bbox 126 3478 701 3545; baseline 0.009 -20"><span class='ocrx_word' id='word_1_288' title='bbox 126 3478 169 3540; x_wconf 84' lang='lat'>50,</span> <span class='ocrx_word' id='word_1_289' title='bbox 187 3478 230 3542; x_wconf 82' lang='lat'>16,</span> <span class='ocrx_word' id='word_1_290' title='bbox 247 3480 311 3542; x_wconf 85' lang='grc'>238,</span> <span class='ocrx_word' id='word_1_291' title='bbox 328 3482 353 3529; x_wconf 85' lang='grc'>3.</span> <span class='ocrx_word' id='word_1_292' title='bbox 389 3478 471 3533; x_wconf 78' lang='lat' dir='ltr'>Paul.</span> <span class='ocrx_word' id='word_1_293' title='bbox 489 3484 554 3531; x_wconf 73' lang='lat' dir='ltr'>sent.</span> <span class='ocrx_word' id='word_1_294' title='bbox 572 3483 599 3545; x_wconf 89' lang='grc'>2,</span> <span class='ocrx_word' id='word_1_295' title='bbox 617 3483 659 3545; x_wconf 84' lang='grc'>31,</span> <span class='ocrx_word' id='word_1_296' title='bbox 677 3482 701 3530; x_wconf 86' lang='grc'>7.</span> 
     </span>
    </p>

    <p class='ocr_par' dir='ltr' id='par_1_9' title="bbox 196 3552 1176 3627">
     <span class='ocr_line' id='line_1_31' title="bbox 196 3552 1176 3627; baseline 0.007 -22"><span class='ocrx_word' id='word_1_297' title='bbox 196 3554 220 3605; x_wconf 90' lang='lat'>3.</span> <span class='ocrx_word' id='word_1_298' title='bbox 239 3552 311 3606; x_wconf 80' lang='lat' dir='ltr'>Fest.</span> <span class='ocrx_word' id='word_1_299' title='bbox 330 3559 476 3607; x_wconf 86' lang='lat' dir='ltr'>Vindiciae.</span> <span class='ocrx_word' id='word_1_300' title='bbox 497 3559 589 3608; x_wconf 89' lang='lat' dir='ltr'>Totum</span> <span class='ocrx_word' id='word_1_301' title='bbox 607 3561 674 3608; x_wconf 90' lang='lat' dir='ltr'>hunc</span> <span class='ocrx_word' id='word_1_302' title='bbox 692 3561 776 3609; x_wconf 89' lang='lat' dir='ltr'>Iocum</span> <span class='ocrx_word' id='word_1_303' title='bbox 794 3579 817 3610; x_wconf 80' lang='lat' dir='ltr'>u.</span> <span class='ocrx_word' id='word_1_304' title='bbox 836 3562 903 3610; x_wconf 84' lang='lat' dir='ltr'>infra</span> <span class='ocrx_word' id='word_1_305' title='bbox 922 3563 950 3610; x_wconf 88' lang='lat' dir='ltr'>in</span> <span class='ocrx_word' id='word_1_306' title='bbox 968 3564 1039 3613; x_wconf 87' lang='lat' dir='ltr'>Festi</span> <span class='ocrx_word' id='word_1_307' title='bbox 1059 3564 1176 3627; x_wconf 86' lang='lat' dir='ltr'>epitome.</span> 
     </span>
    </p>

    <p class='ocr_par' dir='ltr' id='par_1_10' title="bbox 128 3630 1344 3778">
     <span class='ocr_line' id='line_1_32' title="bbox 196 3630 1344 3707; baseline 0.003 -26"><span class='ocrx_word' id='word_1_308' title='bbox 196 3630 219 3681; x_wconf 84' lang='lat'>5.</span> <span class='ocrx_word' id='word_1_309' title='bbox 239 3630 299 3683; x_wconf 74' lang='lat' dir='ltr'>Lab.</span> <span class='ocrx_word' id='word_1_310' title='bbox 318 3632 427 3696; x_wconf 84' lang='grc'>(7,17).·</span> <span class='ocrx_word' id='word_1_311' title='bbox 452 3631 491 3684; x_wconf 88' lang='lat' dir='ltr'>‘In</span> <span class='ocrx_word' id='word_1_312' title='bbox 505 3637 613 3685; x_wconf 89' lang='lat' dir='ltr'>secundo</span> <span class='ocrx_word' id='word_1_313' title='bbox 631 3638 777 3701; x_wconf 86' lang='lat' dir='ltr'>interregno</span> <span class='ocrx_word' id='word_1_314' title='bbox 797 3638 829 3697; x_wconf 80' lang='lat' dir='ltr'>(a.</span> <span class='ocrx_word' id='word_1_315' title='bbox 848 3634 908 3695; x_wconf 79' lang='grc'>399)</span> <span class='ocrx_word' id='word_1_316' title='bbox 927 3648 981 3689; x_wconf 87' lang='lat' dir='ltr'>orta</span> <span class='ocrx_word' id='word_1_317' title='bbox 1000 3642 1128 3690; x_wconf 88' lang='lat' dir='ltr'>contentio</span> <span class='ocrx_word' id='word_1_318' title='bbox 1147 3655 1192 3704; x_wconf 87' lang='lat' dir='ltr'>est,</span> <span class='ocrx_word' id='word_1_319' title='bbox 1216 3644 1282 3707; x_wconf 90' lang='lat' dir='ltr'>quod</span> <span class='ocrx_word' id='word_1_320' title='bbox 1304 3641 1344 3689; x_wconf 91' lang='lat' dir='ltr'>duo</span> 
     </span>
     <span class='ocr_line' id='line_1_33' title="bbox 128 3711 1343 3778; baseline 0.005 -20"><span class='ocrx_word' id='word_1_321' title='bbox 128 3711 236 3774; x_wconf 83' lang='lat' dir='ltr'>patricii</span> <span class='ocrx_word' id='word_1_322' title='bbox 256 3711 371 3759; x_wconf 83' lang='lat' dir='ltr'>consules</span> <span class='ocrx_word' id='word_1_323' title='bbox 389 3713 551 3768; x_wconf 81' lang='lat' dir='ltr'>creabantur3</span> <span class='ocrx_word' id='word_1_324' title='bbox 571 3713 836 3778; x_wconf 85' lang='lat' dir='ltr'>intercedentibusque</span> <span class='ocrx_word' id='word_1_325' title='bbox 855 3716 975 3778; x_wconf 85' lang='lat' dir='ltr'>tribunis,</span> <span class='ocrx_word' id='word_1_326' title='bbox 1000 3717 1110 3766; x_wconf 84' lang='lat' dir='ltr'>interrex</span> <span class='ocrx_word' id='word_1_327' title='bbox 1134 3718 1232 3767; x_wconf 85' lang='lat' dir='ltr'>Fabius</span> <span class='ocrx_word' id='word_1_328' title='bbox 1256 3718 1343 3767; x_wconf 79' lang='lat' dir='ltr'>aiebat:</span> 
     </span>
    </p>
   </div>
   <div class='ocr_carea' id='block_1_6' title="bbox 130 3857 1347 4521">
    <p class='ocr_par' dir='ltr' id='par_1_11' title="bbox 130 3857 1347 4442">
     <span class='ocr_line' id='line_1_34' title="bbox 199 3857 1345 3934; baseline 0.004 -23"><span class='ocrx_word' id='word_1_329' title='bbox 199 3861 224 3925; x_wconf 86' lang='lat'>1)</span> <span class='ocrx_word' id='word_1_330' title='bbox 244 3859 286 3910; x_wconf 86' lang='lat' dir='ltr'>Ita</span> <span class='ocrx_word' id='word_1_331' title='bbox 306 3857 365 3913; x_wconf 78' lang='lat' dir='ltr'>Scit.</span> <span class='ocrx_word' id='word_1_332' title='bbox 380 3863 414 3911; x_wconf 82' lang='lat'>96</span> <span class='ocrx_word' id='word_1_333' title='bbox 428 3877 475 3927; x_wconf 88' lang='lat' dir='ltr'>pro</span> <span class='ocrx_word' id='word_1_334' title='bbox 493 3862 607 3914; x_wconf 80' lang='lat' dir='ltr'>‘nocuit&#39;.</span> <span class='ocrx_word' id='word_1_335' title='bbox 618 3891 650 3897; x_wconf 83' lang='lat'>-</span> <span class='ocrx_word' id='word_1_336' title='bbox 663 3862 689 3927; x_wconf 77' lang='lat'>2)</span> <span class='ocrx_word' id='word_1_337' title='bbox 700 3862 771 3914; x_wconf 90' lang='lat' dir='ltr'>Bene</span> <span class='ocrx_word' id='word_1_338' title='bbox 788 3864 920 3928; x_wconf 82' lang='lat' dir='ltr'>congessit</span> <span class='ocrx_word' id='word_1_339' title='bbox 935 3862 995 3918; x_wconf 76' lang='lat' dir='ltr'>Scit.</span> <span class='ocrx_word' id='word_1_340' title='bbox 1007 3869 1065 3918; x_wconf 84' lang='lat'><em>163.</em></span> <span class='ocrx_word' id='word_1_341' title='bbox 1076 3866 1157 3918; x_wconf 87' lang='lat' dir='ltr'>talem</span> <span class='ocrx_word' id='word_1_342' title='bbox 1168 3867 1345 3934; x_wconf 69' lang='lat' dir='ltr'>appendicem</span> 
     </span>
     <span class='ocr_line' id='line_1_35' title="bbox 130 3944 1345 4019; baseline 0.003 -22"><span class='ocrx_word' id='word_1_343' title='bbox 130 3944 307 3997; x_wconf 87' lang='lat' dir='ltr'>omittendum</span> <span class='ocrx_word' id='word_1_344' title='bbox 325 3948 433 3997; x_wconf 87' lang='lat' dir='ltr'>tantum</span> <span class='ocrx_word' id='word_1_345' title='bbox 451 3946 504 3997; x_wconf 85' lang='lat' dir='ltr'>fuit</span> <span class='ocrx_word' id='word_1_346' title='bbox 522 3947 553 4001; x_wconf 86' lang='lat' dir='ltr'>fr.</span> <span class='ocrx_word' id='word_1_347' title='bbox 573 3947 600 3999; x_wconf 80' lang='lat' dir='ltr'>I:</span> <span class='ocrx_word' id='word_1_348' title='bbox 619 3947 690 4014; x_wconf 77' lang='lat' dir='ltr'>Aap.</span> <span class='ocrx_word' id='word_1_349' title='bbox 701 3946 742 4012; x_wconf 83' lang='lat' dir='ltr'>(dc</span> <span class='ocrx_word' id='word_1_350' title='bbox 761 3949 808 4000; x_wconf 84' lang='lat' dir='ltr'>cio.</span> <span class='ocrx_word' id='word_1_351' title='bbox 827 3948 869 4000; x_wconf 82' lang='lat' dir='ltr'>dei</span> <span class='ocrx_word' id='word_1_352' title='bbox 882 3953 990 4014; x_wconf 77' lang='grc'>21,11);</span> <span class='ocrx_word' id='word_1_353' title='bbox 1010 3949 1084 4003; x_wconf 87' lang='lat' dir='ltr'>‘Octo</span> <span class='ocrx_word' id='word_1_354' title='bbox 1102 3967 1199 4018; x_wconf 84' lang='lat' dir='ltr'>genera</span> <span class='ocrx_word' id='word_1_355' title='bbox 1213 3965 1345 4019; x_wconf 86' lang='lat' dir='ltr'>poenarum</span> 
     </span>
     <span class='ocr_line' id='line_1_36' title="bbox 130 4028 1345 4097; baseline 0.005 -17"><span class='ocrx_word' id='word_1_356' title='bbox 130 4030 165 4080; x_wconf 82' lang='lat' dir='ltr'>‘in</span> <span class='ocrx_word' id='word_1_357' title='bbox 183 4028 296 4094; x_wconf 87' lang='lat' dir='ltr'>legibus&#39;</span> <span class='ocrx_word' id='word_1_358' title='bbox 314 4044 382 4087; x_wconf 85' lang='lat' dir='ltr'>esse,</span> <span class='ocrx_word' id='word_1_359' title='bbox 401 4029 494 4083; x_wconf 90' lang='lat' dir='ltr'>scribit</span> <span class='ocrx_word' id='word_1_360' title='bbox 510 4030 629 4084; x_wconf 62' lang='lat' dir='ltr'>Tullius?</span> <span class='ocrx_word' id='word_1_361' title='bbox 642 4061 675 4069; x_wconf 88' lang='lat'>-</span> <span class='ocrx_word' id='word_1_362' title='bbox 690 4033 714 4097; x_wconf 88' lang='grc'>3)</span> <span class='ocrx_word' id='word_1_363' title='bbox 734 4032 862 4084; x_wconf 80' lang='lat' dir='ltr'>Mueller:</span> <span class='ocrx_word' id='word_1_364' title='bbox 881 4036 1027 4096; x_wconf 83' lang='lat' dir='ltr'>‘nanxitor’,</span> <span class='ocrx_word' id='word_1_365' title='bbox 1049 4034 1177 4088; x_wconf 77' lang='lat' dir='ltr'>Corssea:</span> <span class='ocrx_word' id='word_1_366' title='bbox 1194 4035 1345 4090; x_wconf 83' lang='lat' dir='ltr'>‘nancsitor&#39;.</span> 
     </span>
     <span class='ocr_line' id='line_1_37' title="bbox 131 4112 1346 4186; baseline 0.004 -21"><span class='ocrx_word' id='word_1_367' title='bbox 131 4113 254 4166; x_wconf 84' lang='lat' dir='ltr'>Fortasse</span> <span class='ocrx_word' id='word_1_368' title='bbox 273 4112 306 4165; x_wconf 85' lang='lat' dir='ltr'>ad</span> <span class='ocrx_word' id='word_1_369' title='bbox 324 4117 372 4175; x_wconf 84' lang='grc'>12,</span> <span class='ocrx_word' id='word_1_370' title='bbox 392 4118 407 4165; x_wconf 90' lang='grc'><em>1</em></span> <span class='ocrx_word' id='word_1_371' title='bbox 431 4114 594 4167; x_wconf 85' lang='lat' dir='ltr'>referendum</span> <span class='ocrx_word' id='word_1_372' title='bbox 614 4119 654 4169; x_wconf 87' lang='lat' dir='ltr'>est</span> <span class='ocrx_word' id='word_1_373' title='bbox 673 4116 721 4169; x_wconf 85' lang='lat' dir='ltr'>hoo</span> <span class='ocrx_word' id='word_1_374' title='bbox 741 4117 862 4174; x_wconf 82' lang='lat' dir='ltr'>verbum.</span> <span class='ocrx_word' id='word_1_375' title='bbox 886 4120 947 4186; x_wconf 86' lang='lat' dir='ltr'>quia</span> <span class='ocrx_word' id='word_1_376' title='bbox 969 4123 997 4171; x_wconf 90' lang='lat' dir='ltr'>et</span> <span class='ocrx_word' id='word_1_377' title='bbox 1019 4121 1047 4172; x_wconf 93' lang='lat' dir='ltr'>in</span> <span class='ocrx_word' id='word_1_378' title='bbox 1065 4119 1167 4173; x_wconf 85' lang='lat' dir='ltr'>foedere</span> <span class='ocrx_word' id='word_1_379' title='bbox 1186 4121 1283 4176; x_wconf 88' lang='lat' dir='ltr'>Latino</span> <span class='ocrx_word' id='word_1_380' title='bbox 1301 4123 1346 4173; x_wconf 88' lang='lat' dir='ltr'>est:</span> 
     </span>
     <span class='ocr_line' id='line_1_38' title="bbox 131 4199 1346 4269; baseline 0.005 -20"><span class='ocrx_word' id='word_1_381' title='bbox 131 4200 162 4249; x_wconf 77' lang='lat' dir='ltr'>‘si</span> <span class='ocrx_word' id='word_1_382' title='bbox 181 4199 245 4266; x_wconf 87' lang='lat' dir='ltr'>quid</span> <span class='ocrx_word' id='word_1_383' title='bbox 264 4200 381 4266; x_wconf 84' lang='lat' dir='ltr'>pignoris</span> <span class='ocrx_word' id='word_1_384' title='bbox 403 4201 542 4253; x_wconf 85' lang='lat' dir='ltr'>nancitur&#39;.</span> <span class='ocrx_word' id='word_1_385' title='bbox 561 4231 593 4238; x_wconf 94' lang='lat'><strong>—</strong></span> <span class='ocrx_word' id='word_1_386' title='bbox 612 4202 638 4269; x_wconf 84' lang='lat'>4)</span> <span class='ocrx_word' id='word_1_387' title='bbox 657 4202 700 4254; x_wconf 89' lang='lat' dir='ltr'>Ita</span> <span class='ocrx_word' id='word_1_388' title='bbox 719 4202 773 4254; x_wconf 90' lang='lat' dir='ltr'>cod.</span> <span class='ocrx_word' id='word_1_389' title='bbox 794 4202 870 4254; x_wconf 84' lang='lat' dir='ltr'>Fam.</span> <span class='ocrx_word' id='word_1_390' title='bbox 877 4221 883 4268; x_wconf 78' lang='lat'>3</span> <span class='ocrx_word' id='word_1_391' title='bbox 902 4210 930 4255; x_wconf 88' lang='lat' dir='ltr'>at</span> <span class='ocrx_word' id='word_1_392' title='bbox 949 4219 997 4256; x_wconf 89' lang='lat' dir='ltr'>vox</span> <span class='ocrx_word' id='word_1_393' title='bbox 1016 4204 1128 4257; x_wconf 80' lang='lat' dir='ltr'>‘ultima&#39;</span> <span class='ocrx_word' id='word_1_394' title='bbox 1148 4207 1275 4267; x_wconf 86' lang='lat' dir='ltr'>ostendit,</span> <span class='ocrx_word' id='word_1_395' title='bbox 1293 4203 1346 4257; x_wconf 87' lang='lat' dir='ltr'>scri·</span> 
     </span>
     <span class='ocr_line' id='line_1_39' title="bbox 131 4282 1347 4358; baseline 0.003 -23"><span class='ocrx_word' id='word_1_396' title='bbox 131 4282 247 4335; x_wconf 90' lang='lat' dir='ltr'>bendum</span> <span class='ocrx_word' id='word_1_397' title='bbox 266 4300 321 4337; x_wconf 89' lang='lat' dir='ltr'>esse</span> <span class='ocrx_word' id='word_1_398' title='bbox 341 4285 380 4345; x_wconf 87' lang='lat' dir='ltr'>‘e&#39;‚</span> <span class='ocrx_word' id='word_1_399' title='bbox 405 4288 436 4336; x_wconf 90' lang='lat' dir='ltr'>ut</span> <span class='ocrx_word' id='word_1_400' title='bbox 459 4286 495 4336; x_wconf 92' lang='lat' dir='ltr'>sit</span> <span class='ocrx_word' id='word_1_401' title='bbox 521 4286 648 4353; x_wconf 65' lang='lat' dir='ltr'>boanda.</span> <span class='ocrx_word' id='word_1_402' title='bbox 676 4287 778 4340; x_wconf 77' lang='lat' dir='ltr'>Mr&#39;tller</span> <span class='ocrx_word' id='word_1_403' title='bbox 800 4289 922 4356; x_wconf 87' lang='lat' dir='ltr'>proponit</span> <span class='ocrx_word' id='word_1_404' title='bbox 946 4288 988 4354; x_wconf 86' lang='lat' dir='ltr'>‘d’‚</span> <span class='ocrx_word' id='word_1_405' title='bbox 1007 4293 1037 4342; x_wconf 90' lang='lat' dir='ltr'>nt</span> <span class='ocrx_word' id='word_1_406' title='bbox 1056 4290 1092 4342; x_wconf 86' lang='lat' dir='ltr'>sit</span> <span class='ocrx_word' id='word_1_407' title='bbox 1110 4291 1259 4358; x_wconf 79' lang='lat' dir='ltr'>‘quandod&#39;,</span> <span class='ocrx_word' id='word_1_408' title='bbox 1278 4303 1347 4358; x_wconf 91' lang='lat' dir='ltr'>quem</span> 
     </span>
     <span class='ocr_line' id='line_1_40' title="bbox 131 4368 1346 4442; baseline 0.001 -23"><span class='ocrx_word' id='word_1_409' title='bbox 131 4368 302 4434; x_wconf 83' lang='lat' dir='ltr'>reprehendit</span> <span class='ocrx_word' id='word_1_410' title='bbox 330 4368 391 4422; x_wconf 81' lang='lat' dir='ltr'>Scb.</span> <span class='ocrx_word' id='word_1_411' title='bbox 414 4373 455 4433; x_wconf 83' lang='lat'>65,</span> <span class='ocrx_word' id='word_1_412' title='bbox 485 4371 546 4436; x_wconf 85' lang='lat' dir='ltr'>quia</span> <span class='ocrx_word' id='word_1_413' title='bbox 568 4373 632 4422; x_wconf 86' lang='lat' dir='ltr'>tnnc</span> <span class='ocrx_word' id='word_1_414' title='bbox 656 4372 749 4425; x_wconf 83' lang='lat' dir='ltr'>littera</span> <span class='ocrx_word' id='word_1_415' title='bbox 772 4373 868 4424; x_wconf 87' lang='lat' dir='ltr'>ultima</span> <span class='ocrx_word' id='word_1_416' title='bbox 891 4389 942 4425; x_wconf 91' lang='lat' dir='ltr'>non</span> <span class='ocrx_word' id='word_1_417' title='bbox 961 4373 1041 4426; x_wconf 84' lang='lat' dir='ltr'>aliter</span> <span class='ocrx_word' id='word_1_418' title='bbox 1064 4375 1179 4442; x_wconf 87' lang='lat' dir='ltr'>‘scripta’</span> <span class='ocrx_word' id='word_1_419' title='bbox 1199 4376 1245 4428; x_wconf 87' lang='lat' dir='ltr'>sed</span> <span class='ocrx_word' id='word_1_420' title='bbox 1263 4373 1346 4427; x_wconf 79' lang='lat' dir='ltr'>addita</span> 
     </span>
    </p>

    <p class='ocr_par' dir='ltr' id='par_1_12' title="bbox 132 4444 1276 4521">
     <span class='ocr_line' id='line_1_41' title="bbox 132 4444 1276 4521; baseline 0.008 -17"><span class='ocrx_word' id='word_1_421' title='bbox 132 4456 210 4505; x_wconf 85' lang='lat' dir='ltr'>esset.</span> <span class='ocrx_word' id='word_1_422' title='bbox 228 4484 263 4491; x_wconf 98' lang='lat'>-</span> <span class='ocrx_word' id='word_1_423' title='bbox 280 4455 305 4515; x_wconf 83' lang='grc'>5)</span> <span class='ocrx_word' id='word_1_424' title='bbox 324 4454 364 4509; x_wconf 83' lang='lat' dir='ltr'>Ct.</span> <span class='ocrx_word' id='word_1_425' title='bbox 384 4459 410 4521; x_wconf 86' lang='lat'>8,</span> <span class='ocrx_word' id='word_1_426' title='bbox 428 4458 454 4508; x_wconf 83' lang='lat'>3.</span> <span class='ocrx_word' id='word_1_427' title='bbox 475 4453 535 4509; x_wconf 76' lang='lat' dir='ltr'>sa.</span> <span class='ocrx_word' id='word_1_428' title='bbox 554 4458 598 4508; x_wconf 83' lang='lat'>29.</span> <span class='ocrx_word' id='word_1_429' title='bbox 1275 4444 1276 4447; x_wconf 9' lang='grc' dir='ltr'><strong>Ἴ</strong></span> 
     </span>
    </p>
   </div>
   <div class='ocr_carea' id='block_1_7' title="bbox 0 0 1480 4860">
    <p class='ocr_par' dir='ltr' id='par_1_13' title="bbox 0 0 1480 4860">
     <span class='ocr_line' id='line_1_42' title="bbox 0 0 1480 4860; baseline 0 0"><span class='ocrx_word' id='word_1_430' title='bbox 0 0 1480 4860; x_wconf 95' lang='lat' dir='ltr'> </span> 
     </span>
    </p>
   </div>
  </div>
 </body>
</html>
