2916 4860
608 359 731 415 Isidorus.
927 413 929 417 ,
1221 360 1283 425 299

503 525 547 592 B.
591 539 634 594 In
657 536 837 606 Georgica.

146 649 172 730 1,
192 649 241 712 31.
278 649 451 726 Quodsait
468 650 591 735 (Vero.)
616 650 732 731 ‘emat',
753 653 794 716 ad
814 651 983 733 antiquum
1003 651 1192 732 nuptiarum
1211 669 1283 730 per-

57 753 142 816 tinet
169 753 282 831 ritum,
316 771 377 834 quo
408 772 442 818 se
472 755 608 819 maritus
635 758 668 819 et
695 771 776 818 uxor
806 754 942 818 invicem
970 752 1170 831 coemebant,
1200 754 1284 818 sieut

56 855 214 920 habemus
230 856 263 920 in
278 856 357 920 iure.
391 855 508 921 Tribus
527 857 611 922 enim
630 856 733 921 modis
752 855 838 936 apud
855 860 982 919 veteres
997 855 1132 935 nuptiae
1146 852 1282 920 fiebant:

56 976 128 1037 usu,
153 957 179 1021 si
202 993 243 1001 —
266 957 382 1022 mulier
405 944 490 1023 anno
512 977 574 1024 uno
598 977 670 1024 cum
692 958 774 1037 viro,
802 958 879 1023 licet
901 957 969 1022 sine
990 956 1132 1039 legibus,
1155 955 1283 1035 fuisset3

56 1057 154 1136 farre,
178 1075 249 1122 eum
273 1077 331 1139 per
353 1057 535 1140 pontificem
558 1080 639 1124 max.
664 1065 696 1125 et
711 1061 837 1126 Dialem
860 1057 1018 1124 flaminem
1043 1078 1101 1139 per
1118 1056 1227 1141 fruges
1250 1062 1283 1122 et

56 1159 177 1225 molam
196 1161 314 1226 salsam
334 1162 622 1244 emungebantur,
639 1164 723 1228 unde
746 1161 1021 1228 confarreatio
1045 1160 1282 1242 appellabatur,

58 1281 99 1327 ex
132 1261 248 1343 quibus
279 1263 402 1342 nuptiis
433 1265 565 1344 patrimi
600 1269 632 1329 et
662 1265 796 1345 patrimi
822 1264 1052 1342 nascebantur3
1085 1263 1283 1343 coemptione

57 1383 136 1429 vero
159 1369 258 1445 atque
281 1365 314 1429 in
337 1383 467 1429 manum
492 1367 709 1447 conventione,
734 1386 806 1432 cum
828 1367 884 1432 illa
905 1369 938 1431 in
956 1364 1040 1431 filiae
1055 1366 1170 1445 loeum,
1186 1365 1283 1430 mari·

58 1471 114 1530 tus
138 1466 171 1529 in
193 1467 298 1547 patris
322 1466 488 1548 veniebat,
512 1473 562 1547 ut,
587 1470 613 1533 si
637 1470 708 1549 quis
727 1470 816 1550 prior
837 1468 952 1533 fuisset
975 1453 1155 1544 defunctus,
1179 1467 1282 1531 locum

57 1567 252 1631 hereditatis
275 1568 392 1632 iustum
415 1569 510 1633 alteri
532 1567 673 1649 facerct3
705 1576 737 1635 et
760 1607 802 1616 -
819 1572 1075 1653 quandocunque
1097 1571 1129 1633 in
1152 1588 1281 1634 manum

59 1675 275 1748 convenerat,
291 1670 399 1734 omnia
421 1670 583 1750 protinus,
607 1690 690 1754 quae
714 1673 781 1738 doti
806 1673 995 1737 dicebantur
1020 1672 1070 1750 (ul.
1096 1668 1281 1754 dabantur),

59 1770 177 1835 marito
205 1769 389 1836 serviebant
425 1770 479 1852 (ul.
507 1774 616 1838 mariti
644 1774 757 1856 erant).
809 1769 881 1839 269.
904 1773 979 1838 ‘Fas
1005 1779 1035 1838 ct
1056 1776 1129 1837 toro
1150 1773 1279 1852 stauut',

58 1874 79 1938 i.
103 1891 130 1938 e.
155 1873 264 1938 divina
287 1872 491 1955 humanaque
514 1873 587 1938 iura
611 1876 819 1954 permittunt,
852 1894 925 1939 nam
948 1875 988 1940 ad
1012 1875 1199 1958 religionem
1221 1873 1280 1956 ias,

58 1976 103 2040 ad
127 1975 270 2040 homines
293 1976 365 2039 iura
388 1975 560 2054 pertinent.

146 2073 175 2156 3,
197 2075 536 2153 387.e.auprep.9u.
556 2086 580 2139 5.

511 2255 547 2310 G.
591 2256 635 2310 In
655 2254 830 2310 Bucolica.

147 2365 176 2446 l,
199 2364 250 2431 33.
269 2403 312 2412 —
331 2367 432 2433 Omne
450 2369 680 2449 patrimonium
698 2368 785 2450 apud
804 2369 942 2433 maiores
960 2369 1173 2451 peculium
1197 2367 1279 2432 dice·
1345 2390 1347 2392 ’

57 2470 158 2534 batur
177 2488 196 2533 a
214 2468 394 2550 pecoribus,
413 2471 446 2534 in
465 2470 583 2553 quibus
602 2487 713 2535 eorum
732 2469 904 2536 constabat
923 2471 1071 2536 universa
1087 2470 1281 2536 substantia.

145 2570 175 2651 3,
198 2567 247 2634 31.
293 2571 461 2650 ‘Dep0u0’.·
487 2573 520 2636 in
543 2573 712 2653 sponsione
735 2572 867 2648 colloco,
892 2579 1068 2655 sequestro,
1111 2571 1190 2652 ‘oto
1209 2572 1287 2662 ptpj

57 2676 159 2738 uore’:
182 2693 247 2756 qua
271 2675 450 2755 sponsione,
474 2675 551 2755 quia
575 2675 691 2755 pignus
715 2675 877 2754 sponsioni
902 2678 976 2739 est.l

144 2775 175 2855 4,
198 2774 249 2840 43.
271 2799 295 2838 o.
314 2798 400 2851 supro
412 2799 443 2850 p.
461 2785 555 2835 9010.
573 2784 615 2835 13.

144 2877 175 2958 8,
197 2876 249 2942 99.
270 2882 550 2953 0001000000
568 2868 684 2948 xmo,
701 2886 727 2936 a.
746 2884 768 2937 0.

146 2979 195 3060 10,
219 2979 270 3044 27.
305 2981 405 3045 Minio
423 3016 466 3026 -
484 2980 582 3045 etiam
597 2979 846 3060 triumphantes
862 2979 918 3060 qui
936 2978 1057 3043 habent
1076 2977 1182 3041 omnia
1195 2977 1280 3041 Iovis

58 3083 209 3164 iusignia,
234 3086 407 3162 sceptrum,
431 3082 605 3162 palmatam
629 3072 747 3163 togam',
771 3117 813 3127 —
835 3079 949 3145 faciem
971 3115 1013 3126 --
1035 3079 1192 3143 illinuntl

365 3355 418 3421 Vl.
462 3353 660 3419 lSlDORUS
691 3348 976 3418 HISPALENSIS.

264 3507 290 3572 E
312 3507 428 3572 libris
452 3507 653 3588 originum
677 3526 700 3572 s.
729 3506 1079 3589 000010100100001.3

620 3676 678 3730 Lib.
701 3676 723 3730 Ι.

145 3781 196 3860 21,
222 3781 247 3844 l.
274 3780 432 3862 Volgares
450 3786 544 3845 notas
561 3781 687 3845 Ennius
705 3781 828 3861 primus
847 3778 933 3843 mille
952 3785 985 3842 et
1003 3785 1131 3844 centum
1149 3778 1280 3842 invenit.

58 3884 219 3949 botarum
242 3901 319 3948 usus
342 3887 423 3961 erat,
448 3887 485 3946 ut
508 3883 662 3965 quicquid
683 3901 741 3964 pro
765 3882 916 3947 concione
944 3887 1002 3946 aut
1028 3865 1060 3946 in
1084 3880 1211 3945 iudiciis
1235 3878 1282 3943 di·

130 4071 156 4135 1)
173 4054 220 4124 cf.⁴
231 4069 299 4123 00.
316 4073 359 4138 10,
377 4073 402 4131 1,
420 4071 483 4122 eoo.
502 4098 535 4109 -
552 4069 579 4134 a)
598 4067 639 4122 or.
658 4067 732 4120 Pau
751 4067 776 4122 u.
794 4082 821 4120 a.
839 4070 880 4127 33,
899 4069 1000 4130 01111
1019 4065 1139 4118 ‘ntorum
1150 4067 1282 4117 -auao

58 4155 152 4209 ritatis
166 4178 178 4205 s
192 4153 323 4224 quondam
348 4153 419 4223 apud
437 4154 569 4207 Romanos
587 4183 620 4191 -
639 4153 721 4206 etiam
739 4167 836 4205 sacrae.
872 4150 1018 4205 Enumerat
1036 4152 1156 4203 auctores
1166 4149 1282 4215 Verrius,

59 4240 157 4309 quibus
180 4239 284 4294 eredere
308 4255 414 4294 necesse
436 4238 486 4306 sit,
512 4238 583 4291 Iovis
605 4237 688 4304 ipsius
712 4237 847 4291 simulacri
869 4235 966 4290 faeiem
988 4234 1081 4288 diebus
1103 4233 1180 4287 iestis
1202 4234 1283 4286 minio

59 4325 133 4380 illini
151 4325 257 4379 solitam
281 4324 554 4394 triumphantiumque
576 4336 697 4389 corpora,
720 4322 757 4374 sie
776 4321 920 4376 Camillum
939 4320 1127 4388 triumphasse.
1151 4349 1181 4356 ·-
1200 4319 1284 4372 Cuius

60 4412 99 4463 rei
118 4426 226 4464 causam
249 4409 370 4478 equidem
395 4410 487 4474 miror,
510 4423 669 4477 quamquam
692 4409 720 4462 et
747 4406 824 4461 hodie
850 4406 879 4460 id
897 4405 986 4473 expeti
1002 4406 1106 4458 constat
1123 4403 1285 4473 Aethiopum
