2916 4860
580 342 665 412 Leges
688 344 783 411 regiae.

542 555 575 610 b.
607 554 819 609 Familia.

155 683 205 746 10.
229 686 329 749 Dt'on.
358 685 401 763 (2,
421 688 519 763 273:1
549 684 586 750 ἐκ
614 690 684 750 τῶν
715 672 815 769 Νομᾶ
842 722 885 730 -
915 684 1049 768 νόμων,
1088 683 1125 747 ἐν
1161 678 1211 759 οἷς
1240 683 1294 746 καὶ

64 778 172 864 οὗτος
195 788 385 872 γέγραπται·
409 786 469 852 ἐὰν
491 787 602 872 πατὴρ
626 786 690 872 cipi
712 785 903 873 συγχωρήσῃ
931 800 1073 870 γυναῖκα
1103 781 1295 870 ἀγαγέσθαι,

64 888 241 956 κοινωνὸν
264 891 422 974 ἐσομένην
449 887 548 972 ἱερῶν
579 915 614 955 τε
643 893 696 955 καὶ
729 887 910 976 χρημάτων
938 888 1024 954 κατὰ
1050 888 1130 964 τοὺς
1161 884 1295 973 νόμους,

63 992 186 1078 μηκέτι
208 989 271 1075 τὴν
292 993 445 1072 ἐξουσίαν
470 989 554 1058 εἶναι
578 999 631 1086 τῷ,
650 997 751 1077 πατρὶ
775 998 902 1058 πωλεῖν
926 990 988 1056 τὸν
1012 988 1094 1056 οἷόν.

155 1095 204 1160 11.
229 1095 314 1159 Pan.
338 1097 465 1175 (nunna,
491 1099 587 1178 12):2
617 1094 662 1179 (Ὁ
688 1095 818 1180 Νομᾶς)
848 1094 890 1159 τὰ
919 1096 1029 1178 πένθη
1058 1090 1136 1159 καθ)
1169 1092 1296 1179 ἡλικίας

66 1199 123 1263 καὶ
144 1195 291 1282 χρόνους
313 1196 444 1277 ἔταξεν,
477 1193 551 1263 οἷον
581 1199 687 1263 παῖδα
710 1197 754 1283 μὴ
777 1204 918 1263 πενθεῖν
940 1193 1109 1280 νεώτερον
1131 1203 1295 1281 τριετοῦς,

63 1300 149 1385 μηδὲ
179 1293 408 1384 πρεσβύτερον
436 1302 593 1377 πλείονας
623 1307 729 1386 μῆνας
759 1291 808 1364 οἷν
839 1299 976 1380 ἐβίωσεν
1006 1301 1170 1364 ἐνιαυτῶν
1199 1301 1294 1384 μέχρι

65 1407 139 1467 των
163 1403 253 1480 δέκα,
275 1403 331 1466 καὶ
353 1404 541 1487 περαιτέρω
563 1404 724 1488 μηδεμίαν
746 1399 886 1488 ἡλικίαν,
910 1439 952 1447 -
974 1396 1022 1482 ἐφ’
1049 1392 1131 1465 ὅσον
1147 1398 1295 1485 (χρόνον)

65 1506 122 1569 καὶ
138 1502 339 1589 χηρεέοοσιν
371 1503 404 1570 αἱ
438 1508 508 1570 τῶν
537 1502 791 1570 ἀποθανόντων
818 1518 980 1588 γυναῖκες·
1008 1501 1027 1589 η
1055 1504 1089 1567 δὲ
1122 1501 1292 1587 πρότερον

63 1613 254 1690 γαμηθεῖσα
275 1610 360 1686 βοῦν
382 1604 551 1691 ἐγκύμονα
572 1607 740 1672 anetam·
762 1609 893 1673 ἐκεῖνον
917 1604 1222 1692 νομοθετήσαντος.

469 1848 498 1888 c.
521 1834 605 1889 Jus
630 1832 884 1900 publicum.

157 1944 210 2008 12..
232 1946 265 2012 Sr
283 1969 332 2020 uui
345 1971 478 2012 scurnum
492 1971 619 2012 urusnunr
637 1969 709 2011 nnuc
724 1969 818 2010 scmus
837 1969 924 2010 uicum
939 1970 1014 2017 num.
1032 1970 1180 2011 Panrcrnns
1195 1947 1292 2012 usuc.³

155 2047 204 2114 13.
227 2048 358 2115 Seruius
381 2052 427 2127 (r'n
455 2051 542 2132 Verp.
570 2051 634 2114 buc.
656 2050 765 2134 4,43).·
795 2051 832 2114 In
854 2050 978 2115 Numae
1008 2051 1132 2131 legibus
1160 2055 1290 2114 cautum

67 2156 126 2230 est,
151 2156 188 2217 ut
218 2152 245 2215 si
273 2152 345 2231 quis
369 2152 555 2233 imprudens
577 2153 746 2216 cecidisset
773 2153 947 2230 hominem,
975 2171 1032 2233 pru
1061 2153 1167 2232 capite
1194 2152 1290 2216 occisi

66 2253 195 2335 cpnatis
219 2253 288 2318 eius
311 2255 343 2317 in
367 2255 531 2318 cerracicne4
553 2253 681 2318 offerret
703 2255 863 2319 arietem.5

154 2355 203 2416 14.
226 2355 400 2421 Marcellus
422 2355 442 2419 t.
464 2360 509 2419 28
527 2356 590 2438 clip.
613 2356 669 2438 (D.
693 2359 829 2438 mum:
851 2357 957 2437 Negat
976 2356 1026 2420 lex
1048 2357 1152 2436 regia,
1175 2356 1288 2420 mulie·

64 2476 146 2535 rem,
179 2476 264 2538 quac
296 2477 478 2539 praegnans
508 2464 633 2523 murt-ua
656 2460 708 2537 sit,
740 2459 881 2536 humari,
909 2464 1083 2539 antequam
1115 2464 1227 2538 partus
1259 2459 1288 2521 ei

64 2559 249 2638 excidatur3
273 2561 328 2641 qni
351 2565 463 2625 eontra
486 2560 608 2639 feccrit,
633 2580 721 2641 spenr
745 2561 918 2625 animantis
942 2580 1015 2624 curn
1038 2560 1173 2640 gravida
1197 2578 1288 2640 pere-

62 2661 160 2726 misse
184 2661 321 2726 videtur.
763 2709 765 2712 -

150 2761 199 2825 15.
223 2763 324 2827 Fest:
359 2764 470 2828 Aliuta
498 2765 623 2845 antiqui
657 2765 807 2829 dicebant
842 2783 899 2846 pru
928 2765 1023 2828 aliter
1045 2785 1099 2842 -3
1133 2764 1205 2828 hine
1238 2768 1287 2826 cst

61 2865 142 2929 illud
166 2866 200 2928 in
222 2865 348 2945 legibus
370 2865 507 2930 Numae:
531 2889 557 2929 si
571 2889 715 2939 uursnuau
729 2889 834 2929 nurum
847 2890 937 2938 rnxrr.
953 2889 1028 2930 rusus
1042 2889 1197 2930 rcvrsscnn
1208 2887 1283 2926 usuc.

128 3052 154 3113 1)
172 3052 198 3118 (e
231 3050 334 3118 legibus
357 3050 474 3113 Numae,
502 3051 528 3103 in
554 3051 649 3119 quibus
680 3052 763 3105 etiarn
789 3052 854 3104 haee
873 3054 914 3104 cst
933 3051 1043 3118 scripta:
1076 3050 1098 3101 si
1113 3053 1205 3116 ¹pater
1231 3048 1287 3102 filia

59 3136 211 3201 permiserit
251 3151 356 3188 uxorem
396 3134 502 3203 ducere,
543 3153 609 3204 quac
636 3154 667 3189 ex
694 3137 799 3204 legibus
827 3138 959 3205 particeps
985 3137 1021 3188 sit
1047 3137 1075 3190 et
1102 3150 1232 3186 sacrorum
1259 3138 1286 3186 et

59 3219 196 3282 tuncrum,
214 3220 287 3288 patri
313 3237 365 3273 non
382 3220 496 3287 amplius
511 3221 552 3273 ius
571 3237 627 3275 esse
654 3222 739 3275 filium
765 3219 1286 3283 vendendi.)Cf.PlutNunru17.-

59 3306 83 3369 2)
109 3305 210 3371 (Numa
238 3305 354 3358 officium
376 3305 486 3373 lugendi
512 3307 655 3360 seeundum
682 3309 785 3360 aetates
807 3305 965 3368 constituit,
992 3308 1022 3357 ut
1049 3320 1158 3371 puerum
1176 3303 1286 3356 trimulc
1361 3319 1363 3325 ’

59 3391 190 3444 minorem
220 3407 254 3442 ne
285 3391 343 3458 quis
376 3391 481 3456 lugeat,
514 3392 639 3444 maiorem
674 3408 707 3444 ne
738 3393 828 3458 piures
861 3407 976 3452 menses,
1014 3406 1093 3456 quarn
1124 3389 1169 3442 ille
1203 3405 1285 3442 annos

57 3476 165 3540 vixerit,
196 3491 279 3543 usquc
312 3475 345 3528 ad
377 3475 479 3531 decem:
512 3492 559 3531 nec
590 3492 749 3544 quemquam
780 3475 861 3528 ullius
888 3476 987 3528 aetatis
1013 3476 1093 3528 ultra.
1137 3475 1189 3528 Per
1217 3474 1285 3544 quod

59 3561 175 3628 spatium
194 3560 283 3613 viduis
301 3576 402 3628 quoque
425 3560 579 3615 asecundis
606 3562 706 3628 nuptiis
734 3560 921 3615 abstinendum
949 3565 1004 3624 est3
1032 3565 1059 3614 et
1086 3561 1108 3612 si
1135 3577 1186 3629 qua
1213 3561 1286 3629 prius

60 3646 189 3714 nupserit,
208 3645 302 3700 bovem
320 3645 404 3700 fetam
420 3646 556 3699 immolare
575 3645 689 3700 debebat
708 3663 739 3698 cx
757 3647 830 3699 illius
849 3647 925 3712 lege).
944 3645 984 3703 cf.
1008 3646 1066 3699 Vnt.
1084 3647 1119 3714 fr.
1137 3650 1201 3700 320.
1219 3651 1287 3700 321.-

61 3729 192 3797 ‘Lugendi
216 3734 279 3784 sunt
301 3735 427 3797 parentes
450 3747 531 3794 anno,
553 3731 632 3784 liberi
654 3731 766 3785 maiores
784 3731 809 3784 X
827 3747 953 3784 annorum
974 3747 1056 3799 aeque
1074 3747 1142 3785 anno
1161 3732 1287 3798 (11111111-

62 3815 150 3883 sium),
174 3817 363 3870 minoresstct
387 3817 534 3875 mansibus,
557 3820 621 3884 quot
643 3832 769 3869 annorum
793 3815 953 3869 decesserint
976 3833 1058 3885 usquc
1081 3817 1114 3869 ad
1132 3818 1286 3875 trimatum:

61 3901 144 3956 minor
162 3901 245 3956 trimo
262 3917 313 3954 ncn
332 3902 442 3970 lugetur
460 3902 506 3955 sed
524 3902 691 3968 subiugatur,
711 3902 795 3954 minor·
813 3902 934 3954 anniculo
952 3918 1036 3970 neque
1055 3902 1229 3970 sublngntm'
1253 3932 1285 3938 -

63 3987 85 4051 3)
103 3987 179 4041 Feci.
197 3985 350 4040 Parrici—
365 3986 508 4040 ‘Parricida
522 4003 573 4040 non
592 3989 682 4054 utique
702 3986 732 4051 is,
751 3988 796 4054 qui
814 3990 951 4054 parentem
972 3987 1119 4054 occidisset,
1142 3986 1287 4049 dicebatur,

62 4072 104 4125 sed
126 4071 339 4140 qualemcunque
361 4072 493 4125 hominem
512 4072 704 4125 indemnatum.
739 4072 784 4124 lta
803 4072 883 4125 fuisse
910 4072 1012 4125 indicat
1030 4073 1072 4125 lex
1090 4071 1191 4124 Numae
1210 4071 1286 4124 Porn-

62 4156 118 4222 pilii
152 4155 227 4222 regis
254 4156 296 4208 his
322 4157 466 4224 composita
493 4157 594 4211 verbis:
628 4164 661 4208 ‘si
680 4173 727 4217 Qun
745 4186 779 4195 —
796 4158 879 4209 nsrc'.
917 4158 958 4210 Cf.
985 4157 1049 4225 Lep.
1078 4157 1155 4210 Rom.
1181 4161 1225 4210 12.
1253 4187 1285 4194 -

61 4241 84 4294 41
104 4242 146 4294 lta
163 4241 192 4295 J.
211 4241 346 4304 Huschke,
364 4258 410 4310 pru
428 4246 464 4295 ‘ct
481 4243 594 4295 natis—
605 4242 743 4296 cautione'.
754 4272 787 4278 —
805 4244 830 4296 51
850 4241 888 4297 cf.
901 4241 975 4310 Verp.
985 4258 1073 4311 peurp.
1087 4245 1111 4306 3,
1121 4244 1174 4293 387
1181 4260 1187 4293 z
1207 4241 1284 4308 ‘apud

63 4327 173 4380 maiores
190 4325 328 4379 homicidii
345 4342 456 4394 poenam
474 4327 567 4380 noxius
584 4327 676 4380 arietis
695 4326 790 4379 damno
808 4327 915 4394 luebat,
938 4327 1007 4394 quud
1024 4327 1052 4378 in
1070 4342 1162 4394 regum
1181 4326 1285 4394 legibus

63 4409 175 4478 legitm·'.
