2916 4860
167 291 190 351 ⁴2
682 285 767 352 Leges
791 284 887 352 regiae.

168 461 277 524 divino
308 461 378 523 iure
411 459 567 539 populum
599 457 750 534 devinxit,
782 460 978 535 repertaque
1008 455 1169 534 quaedam
1200 474 1219 517 a
1250 454 1344 518 Tullo
1367 461 1401 519 et

172 564 269 641 Anco,
303 562 358 625 sed
392 561 587 641 praecipuus
615 557 745 622 Servius
778 556 900 620 Tullius
931 562 1061 620 sanctor
1092 555 1200 636 legum
1232 554 1304 634 luit,
1328 557 1401 636 quis

173 665 271 727 etiam
293 681 385 744 reges
409 663 679 742 obtemperarent.
724 657 752 724 3.
786 658 892 723 Cicero
920 658 1021 735 (Τιιεο.
1045 659 1119 738 4,1).·
1149 677 1221 721 cum
1251 677 1270 720 a
1297 659 1402 738 primo

174 766 261 829 urbis
284 769 358 829 ortu
381 765 479 844 regiis
502 763 671 840 institutis,
696 762 816 841 panim
840 762 939 824 etiam
956 759 1083 839 legibus
1112 759 1270 839 auspicia,
1300 762 1401 824 caeri-

175 868 313 946 moniae,
346 866 488 941 comitia,
520 864 781 944 provocationes,
817 899 860 906 -
888 866 957 925 tota
983 879 1035 924 res
1069 860 1219 925 militaris
1249 862 1402 925 divinitus

173 973 259 1033 esset
282 968 465 1044 constituta,
500 1003 541 1010 -
585 965 614 1028 4.
639 965 820 1046 Dionysius
852 966 989 1046 (2,24):1
1019 960 1147 1035 ἐκεῖνος
1175 960 1204 1040 (ὁ
1226 960 1403 1046 Ῥωμύλος)

174 1106 191 1135 ι
209 1067 336 1152 νόμους
366 1105 405 1112 —-
430 1063 602 1151 άγράφους
627 1067 689 1149 μὲν
718 1064 798 1141 τους
823 1066 1009 1142 πλείστους,
1037 1062 1106 1128 έστι
1137 1059 1166 1126 d’
1198 1058 1257 1139 οὓς
1281 1067 1337 1129 καὶ
1367 1065 1403 1130 έν
1450 1121 1451 1124 ,

174 1167 338 1254 γράμμασι
360 1170 544 1253 κειμένους,
567 1164 869 1251 καταστησάμενος,
894 1203 934 1212 -
956 1166 985 1230 5.
1008 1166 1106 1231 Dion.
1127 1167 1257 1248 (2,27);2
1277 1171 1403 1231 τοῦτον

173 1271 237 1336 τὸν
254 1269 360 1355 νόμον
374 1267 462 1353 (περὶ
481 1270 544 1356 τὴν
565 1267 810 1353 υίόιιρασιν),-
826 1267 891 1332 είτε
911 1268 1137 1352 γεγραμμένον
1151 1267 1217 1332 circ
1239 1263 1403 1352 ἄγραφον,

175 1369 212 1438 οί·
237 1372 300 1456 γάρ
320 1370 383 1455 έχοο
406 1373 446 1437 τὸ
471 1374 573 1454 σαφὲς
591 1371 708 1449 εἰπεῖν,
732 1408 771 1415 -
795 1369 824 1434 G.
848 1371 946 1435 Dion.
966 1370 1167 1452 (2,73-4):³
1189 1369 1231 1434 τά
1246 1373 1401 1454 μὲνιπερὶ

102 1499 104 1501 ·
175 1475 230 1548 τὸΙ
248 1482 350 1540 θεῖον
382 1474 665 1558 νομοθετηθέντα
695 1470 761 1561 ὑπὸ
785 1476 849 1536 τοτ’
870 1475 980 1555 Νομᾶ,
1002 1509 1044 1517 -
1067 1471 1109 1536 τά
1142 1474 1204 1556 μὲν
1227 1471 1404 1556 ἐγγράφοις

172 1577 425 1660 περιληφθέντα
448 1573 574 1659 νόμοις,
597 1574 640 1639 τὰ
663 1574 693 1638 δ’
717 1573 780 1653 ἕξοι
799 1579 926 1660 γραφῆς
944 1573 990 1649 είς
1006 1573 1234 1659 έιιιτηδεέσεις
1256 1570 1403 1657 ἀχθέντα

173 1679 229 1742 καὶ
259 1673 473 1762 συνασκήσεις
501 1679 673 1760 χρονίους,
696 1713 738 1722 -
769 1675 795 1739 7.
829 1676 928 1739 Dion.
959 1674 1098 1759 (3,36).·4
1129 1681 1253 1758 χαλκαῖ
1269 1715 1285 1743 ι
1309 1671 1403 1741 οέίιοι

175 1784 292 1865 στῆλαι
315 1775 394 1843 τότε
417 1769 514 1864 ἦσαν,
547 1773 615 1842 ἀλλ’
644 1778 682 1843 έν
714 1775 865 1860 δρυΐναις
893 1773 1122 1860 ἐχαράττοντο
1153 1780 1283 1842 σανίσιν
1311 1776 1347 1843 οἵ
1370 1802 1403 1842 τε

175 1879 274 1965 νόμοι
301 1882 357 1944 καὶ
393 1879 426 1945 αἱ
461 1882 536 1963 περὶ
569 1885 639 1944 τῶν
675 1877 776 1962 ὶεροῖν
814 1878 1004 1962 διαγραφαί.
1051 1879 1078 1942 8.
1106 1881 1242 1962 Dionys.
1274 1882 1405 1962 (2,ί“3).·5

175 1986 427 2066 νομοθετοῦσιν
448 1979 500 2061 Ι(οἱ
527 1983 735 2063 ποντίφικες)
767 1972 829 2045 ὅσα
858 1985 930 2044 τῶν
962 1980 1064 2064 ἱερῶν
1088 1975 1221 2066 ἄγραφα
1244 1975 1331 2046 ὄντα
1353 1984 1403 2046 καὶ

177 2080 363 2161 ἀνέθιστα)
394 2085 571 2166 κρίνοντες
603 2077 625 2148 ά
656 2079 697 2148 dv
730 2079 901 2166 ἐπιτήδεια
934 2081 1113 2166 τυγχάνειν
1144 2079 1262 2158 αὐτοῖς
1290 2086 1405 2167 φανείη

104 2249 106 2253 ,
177 2183 295 2269 νόμον
315 2209 351 2250 τε
374 2187 430 2249 καὶ
453 2185 612 2268 ἐθισμῶν.
657 2183 684 2246 θ.
708 2184 820 2249 Luae
842 2186 933 2266 (6,1):
967 2205 1051 2266 quae
1080 2186 1236 2267 (litterae)
1263 2187 1295 2250 in
1326 2205 1405 2251 com-

177 2288 345 2351 mentariis
373 2285 560 2368 pontificum
599 2287 736 2368 aliisque
768 2287 906 2370 publicis
939 2288 1139 2369 privatisque
1171 2293 1265 2352 erant
1298 2306 1405 2351 monu-

177 2390 304 2467 mentis,
327 2390 457 2453 incensa
476 2389 508 2470 (a
527 2387 647 2471 Gallis)
672 2390 752 2452 urbe
771 2388 943 2469 pleraeque
963 2389 1123 2452 interiere.
1145 2425 1187 2433 —
1209 2389 1407 2472 (insequenti

176 2488 274 2572 anno)
296 2489 427 2554 foedera
451 2510 489 2554 ac
512 2491 608 2571 leges,
633 2495 726 2554 erant
745 2495 853 2554 autem
876 2509 933 2554 eae
952 2490 1014 2553 XII
1037 2492 1170 2555 tabulae
1194 2495 1227 2554 et
1250 2493 1406 2570 quaedam

177 2593 286 2673 regiae
304 2593 402 2673 leges,
422 2593 566 2673 conquiri
586 2585 668 2672 quae
679 2598 903 2670 comparerent
913 2593 1076 2656 iusserunt
1095 2592 1230 2672 (tribuni
1246 2591 1407 2676 militum).

267 2692 315 2755 10.
342 2692 450 2774 Pomp.
462 2694 546 2758 eceb.
560 2693 613 2770 (D.
629 2693 780 2774 1,2,2,2):
811 2712 919 2757 omnes
943 2693 1044 2774 (leges
1067 2693 1190 2774 regiae)
1206 2695 1407 2774 conscriptae

178 2799 307 2860 exstant
339 2796 371 2858 in
400 2794 482 2858 libro
512 2794 601 2859 Sexti
631 2795 770 2876 Papirii,
796 2796 848 2876 qui
875 2793 937 2858 fuit
958 2795 1022 2860 illis
1050 2797 1263 2875 temporibus,
1293 2793 1408 2877 quibus

180 2896 345 2977 Superbus
378 2897 545 2960 Demarati
564 2933 580 2962 ι
599 2895 697 2975 filius,
734 2915 771 2960 ex
801 2897 1035 2977 principalibus
1067 2897 1162 2974 viris3
1200 2899 1227 2960 is
1257 2898 1341 2963 liber
1367 2934 1406 2942 -

181 2999 366 3078 appellatur
388 2999 436 3062 ius
461 2997 553 3062 civile
576 2998 792 3077 Papirianum.
840 2997 888 3062 11.
918 2999 1024 3080 Ponrp.
1050 2998 1135 3063 ancl.
1160 2997 1218 3080 (D.
1243 2985 1408 3080 1,2,2,36):

177 3101 262 3164 luris
286 3100 388 3178 civilis
410 3135 452 3143 —
474 3098 564 3166 fuit*
577 3100 610 3163 in
633 3100 752 3181 primis
767 3102 890 3182 peritus
906 3100 1041 3164 Publius
1058 3099 1217 3180 Papirius,
1243 3101 1298 3180 qui
1321 3101 1407 3181 leges

179 3203 286 3282 regias
303 3204 455 3291 inunum
475 3202 620 3266 contulit.
653 3199 702 3265 12.
713 3201 809 3266 Dion.
825 3200 956 3286 (3,36).·6
981 3199 1014 3266 ‘0
1032 3199 1186 3286 Μάρκιος
1206 3203 1408 3284 συγκαλέσας

248 3402 274 3466 1)
293 3402 349 3467 (ille
368 3404 454 3470 leges
474 3403 589 3456 maxima
607 3406 732 3470 exparte
750 3420 802 3456 non
821 3404 947 3471 scriptas,
966 3421 1017 3457 non
1035 3405 1123 3457 nullas
1142 3420 1203 3457 vero
1221 3404 1304 3456 etiam
1323 3404 1408 3457 literis

178 3485 351 3550 consignatas
370 3489 611 3554 proponens)-2)
630 3488 708 3553 (hanc
726 3488 813 3554 legem
833 3488 1011 3554 (dc-filiorum
1027 3489 1187 3556 venditione)
1208 3488 1263 3541 sive
1282 3490 1408 3556 scriptam

180 3570 235 3622 sive
253 3585 305 3622 non
323 3571 458 3637 scriptam,
477 3573 516 3626 nil
534 3573 601 3626 certi
619 3573 690 3626 anim
708 3572 791 3626 habeo
809 3572 915 3639 dicere.)
930 3605 963 3612 —
977 3576 1002 3638 3)
1022 3575 1098 3642 (quae
1116 3574 1205 3627 Numa
1224 3573 1256 3626 de
1275 3573 1355 3627 rebus
1373 3575 1408 3626 ui-

180 3654 249 3706 vinis
268 3655 453 3718 constituerat,
472 3657 621 3724 —vpartim
640 3656 747 3724 legibus
766 3657 872 3725 scriptis
890 3659 1090 3725 comprehensa,
1109 3659 1209 3726 partim
1228 3659 1284 3712 sinc
1303 3660 1408 3726 scriptis

179 3738 207 3790 in
226 3737 444 3792 consuetudinem
463 3743 491 3794 et
508 3757 586 3794 usum
603 3740 762 3808 longaevum
780 3745 968 3807 conversa.)—
985 3743 1011 3807 4)
1022 3748 1129 3808 (aeneae
1139 3745 1276 3796 columnae
1294 3744 1408 3796 nondum

179 3823 206 3874 in
225 3839 275 3874 usu
292 3826 358 3874 tunc
377 3825 466 3886 eraut,
489 3824 537 3877 sed
559 3826 587 3876 in
608 3825 724 3878 roboreis
748 3825 850 3879 tabulis
873 3827 1064 3895 sculpebautur
1087 3831 1115 3880 et
1140 3829 1213 3896 leges
1233 3831 1261 3880 ct
1279 3827 1310 3881 de
1331 3829 1409 3881 sacris

179 3911 340 3975 praccepta.)
359 3939 392 3946 —
415 3909 442 3970 5)
460 3909 544 3975 (leges
566 3908 633 3962 dant
656 3910 679 3963 si
702 3909 766 3978 quid
788 3927 920 3964 sacrorum
942 3929 989 3964 nec
1012 3913 1118 3979 scriptis
1136 3929 1184 3965 nec
1205 3912 1323 3965 moribus
1342 3929 1408 3965 com-

180 3993 340 4060 prehensum
359 3995 408 4054 est,
428 3992 616 4059 diiudicantes,
634 4010 764 4061 quaenam
782 3995 854 4062 leges
873 4000 901 4048 et
921 3996 1124 4049 consuetudines
1147 3996 1256 4050 idoneae
1272 3997 1408 4050 habendae

180 4077 296 4143 sint.)—
312 4079 337 4143 6)
349 4077 516 4143 (A.Marcius
534 4079 685 4131 convocatis
695 4079 865 4147 pontificibus
884 4095 1015 4133 sacrorum
1034 4081 1243 4146 commentarios,
1262 4083 1409 4150 quosPom·

180 4161 261 4227 pilius
280 4162 312 4214 de
331 4162 409 4215 rebus
427 4161 525 4213 divinis
542 4167 737 4229 composuerat,
760 4164 793 4216 ab
817 4164 883 4230 ipsis
901 4169 1023 4231 acceptos
1041 4166 1142 4218 tabulis
1160 4164 1296 4234 inscripsit
1316 4181 1408 4234 easque

180 4246 209 4297 in
227 4244 284 4299 foro
303 4246 447 4314 proposuit,
467 4261 532 4313 quae
551 4248 687 4300 vetustate
705 4248 814 4301 tandem
832 4247 989 4316 absumptae
1008 4252 1084 4313 sunt;
1104 4280 1136 4286 —
1155 4255 1214 4316 post
1234 4254 1340 4304 exactos
1349 4268 1408 4304 vero

180 4346 256 4395 reges
274 4330 307 4383 ad
327 4331 527 4398 inscriptionem
546 4329 680 4398 publicam
699 4332 797 4386 iterum
816 4332 938 4386 redactae
958 4337 1021 4387 sunt
1031 4349 1077 4401 per
1093 4334 1190 4387 Gaium
1199 4335 1337 4401 Papirium
1348 4353 1407 4404 pon·
