2916 4860
116 377 177 443 148
592 369 689 423 Edicta
705 368 864 438 praetorum.

202 543 416 630 3.(81111212
444 543 528 607 diem
552 560 571 606 a
593 544 745 622 praetore
771 537 1029 604 constituendum
1054 536 1193 622 ¹[damni
1215 533 1327 617 inlecti)

115 668 178 715 non
201 650 364 726 caveatur,
387 645 421 709 in
444 643 694 726 possessionem)
717 643 785 707 eins
802 641 857 706 rei·
874 639 1067 723 (mittendus
1086 637 1161 722 est)
1181 689 1190 705 .
1209 689 1216 703 .
1236 688 1243 703 .
1262 638 1328 702 dnm

120 752 160 832 ei,
185 749 241 832 qui
259 749 375 828 aberit,
398 746 487 827 prius
507 746 635 810 domum
658 743 846 809 denuntiari
868 742 1008 807 iubeam.
1041 739 1099 824 (U.
1123 746 1151 805 1.
1169 739 1213 805 D.
1234 742 1285 818 39,
1303 743 1328 815 2,

117 849 264 933 215.)

203 948 312 1035 (4-6.
347 951 398 1016 De
426 947 624 1032 fupitieis,
654 946 696 1012 de
720 946 818 1027 foro,
847 946 888 1012 de
910 945 992 1010 albo
1015 951 1203 1028 corrupto.
1253 945 1288 1013 U.
1309 951 1330 1008 1.

115 1058 148 1118 2.
176 1058 206 1118 3.
236 1047 1224 1131 12114,1.-5,1,1.2;52,1,·1.27.-2,17.)

209 1152 237 1217 7.
261 1153 324 1231 Qui
341 1153 569 1234 magistratum
589 1154 826 1232 potestatemve
845 1150 990 1228 habebit,
1009 1151 1038 1214 si
1055 1150 1133 1231 quid
1149 1150 1184 1214 in
1203 1150 1331 1232 aliquem

114 1256 188 1321 novi
211 1255 291 1321 iuris
319 1254 489 1334 statuerit,
511 1253 580 1333 ipse
599 1253 793 1335 quandoque
815 1252 999 1318 adversario
1018 1253 1207 1334 postulante
1230 1253 1331 1318 eodem

115 1359 187 1423 iure
202 1357 251 1421 uti
271 1357 378 1424 debet.
405 1355 439 1421 Si
459 1355 531 1438 quis
546 1355 636 1435 apud
654 1372 736 1435 eum,
755 1355 812 1436 qui
829 1353 1062 1435 magistratum
1078 1358 1332 1435 potestatemque

118 1459 263 1540 habebit,
283 1458 405 1540 aliquid
422 1457 497 1522 novi
512 1457 594 1521 luris
604 1455 794 1535 obtinuerit,
814 1455 1009 1538 quandoque
1020 1460 1136 1536 postea
1154 1455 1331 1520 adversario

119 1562 189 1626 eius
211 1562 415 1642 postulante,
446 1559 559 1624 eodem
580 1558 652 1634 iure
674 1557 829 1622 adversus
851 1575 925 1621 eum
953 1557 1163 1622 decernetur:
1195 1560 1329 1638 praeter·

117 1680 216 1744 quam
234 1661 262 1726 si
283 1662 355 1743 quis
373 1679 483 1727 eorum
497 1664 694 1725 contraeum
705 1657 892 1741 lecerit,qui
903 1659 972 1741 ipse
985 1676 1096 1724 eorum
1114 1658 1193 1739 quid
1204 1657 1330 1724 lecisset.

115 1760 639 1843 (URDQQLRQQ

207 1865 261 1930 De
288 1864 446 1929 edendo.
490 1861 518 1926 1.
550 1861 768 1944 Argentariae
792 1880 924 1928 mensae
946 1863 1140 1928 exercitores
1171 1862 1328 1942 rationem,

117 1984 202 2050 quae
229 1965 273 2032 ad
295 1984 330 2032 se
352 1965 511 2048 pertinet,
538 1964 638 2029 edant
660 1964 787 2029 adiecto
810 1964 862 2029 die
885 1967 919 2029 et
941 1963 1080 2030 consule.
1118 1963 1173 2044 (U.
1191 1967 1223 2031 4.
1244 1963 1287 2030 D.
1303 1966 1328 2044 2,

118 2070 169 2147 13,
191 2071 225 2148 4,
240 2071 308 2152 pr.)

92 2161 95 2164 ’
203 2168 247 2237 2.
266 2168 460 2251 Argentario
487 2167 568 2247 eive,
593 2167 648 2247 qui
669 2167 789 2232 iterum
812 2167 864 2233 edi
881 2167 1071 2250 postulabit,
1094 2185 1195 2233 causa
1212 2165 1329 2250 cognita

119 2271 174 2338 edi
195 2270 323 2338 iubebo.
356 2268 465 2353 (11.4.
488 2268 586 2349 D.2,
609 2273 661 2349 13,
684 2273 715 2348 6,
737 2268 783 2352 8.)

205 2373 260 2438 De
282 2372 421 2454 pactis.
457 2370 560 2436 Pacta
583 2375 717 2436 convent
720 2390 753 2451 a,
783 2389 867 2452 quae
889 2388 994 2454 neque
1021 2371 1094 2437 dolo
1116 2372 1218 2453 malo,
1240 2386 1330 2452 neque

123 2475 279 2541 adversus
288 2474 388 2555 leges,
413 2471 594 2553 plebiscita
618 2472 907 2552 senatusconsulta,
936 2473 1042 2538 edicta
1008 2471 1226 2555 t,(clecretu)
1257 2471 1331 2554 prin·

123 2577 248 2658 cipum,
270 2591 377 2657 neque
402 2590 466 2654 quo
500 2570 591 2638 fraus
622 2573 674 2637 cui
701 2589 811 2638 eorum
839 2571 908 2656 fiat,
943 2572 1032 2640 iacta
1065 2578 1173 2656 erunt,
1148 2573 1329 2641 22211222

124 2675 548 2759 ω222ΜἏΌ

206 2779 264 2845 112
290 2777 331 2843 in
361 2777 422 2842 ins
448 2776 630 2841 vocando.
675 2775 703 2841 1.
732 2776 920 2858 Parentem,
943 2783 1131 2860 patronum,
1163 2784 1329 2860 patronam,

121 2880 256 2962 liberos,
285 2882 437 2961 parentes
459 2895 501 2959 pa
504 2878 589 2942 troni
615 2883 775 2959 patronae
797 2878 832 2941 in
854 2878 906 2944 ius
931 2880 1001 2945 sine
1024 2880 1185 2962 permissu
1212 2898 1280 2946 meo
1298 2895 1329 2944 ne

121 3001 194 3065 qurs
219 2986 338 3047 voce
378 2979 483 3061 (11.5.
507 2978 650 3059 1124
672 2984 703 3060 4
727 2980 768 3062 1)

209 3082 239 3149 2.
261 3082 311 3149 Ne
333 3083 404 3165 quis
426 3100 510 3165 eum,
533 3082 590 3163 qui
608 3081 642 3146 in
659 3082 710 3147 ius
728 3082 907 3164 vocabitur,
929 3083 962 3149 ui
980 3084 1126 3164 eximat,²
1142 3103 1224 3150 neve
1245 3083 1330 3150 iaciat

121 3185 378 3267 dolomalo,quo
400 3184 504 3266 magis
527 3183 681 3248 eximeret
682 3201 787 3263 ur,..
811 3182 942 3267 ...(U5
965 3185 1060 3267 122,
1083 3190 1113 3266 7,
1136 3190 1168 3265 3,
1190 3190 1230 3266 2,
1249 3183 1330 3265 4,.2)

206 3284 236 3353 3.
256 3285 291 3353 Si
309 3287 507 3370 quisparent
508 3303 568 3365 em,
586 3289 766 3367 patronum,
785 3290 844 3367 pat
845 3304 966 3368 ronam,
980 3287 1101 3354 liberos
1119 3293 1180 3354 aut
1192 3290 1330 3371 parentes

122 3388 253 3471 patroni
272 3393 440 3471 patronae,
455 3387 615 3453 liberosve
632 3403 717 3466 suos,
736 3403 849 3453 eumve
859 3405 955 3471 quem
972 3389 1005 3454 in
1022 3394 1189 3471 potestate
1202 3387 1330 3460 habebit.

124 3623 267 3677 currerent.
301 3622 360 3688 Quo
380 3623 471 3678 ordine
494 3623 523 3677 in
545 3622 715 3693 disponendis
736 3622 830 3679 edictis
854 3627 1006 3681 servatore
1027 3626 1085 3694 ipsa
1102 3626 1230 3682 effectum
1247 3627 1293 3692 222,
1307 3623 1332 3677 nt

122 3709 178 3762 tres
195 3705 353 3790 principales
369 3708 473 3777 possint
490 3708 622 3778 distingui
638 3711 738 3777 partes,
755 3708 850 3778 quibus
869 3713 965 3780 quarta
982 3710 1093 3780 accedit,
1107 3708 1332 3780 singulariaiuris·

122 3791 249 3847 dictionis
265 3793 422 3862 praetoriae,
439 3793 592 3858 interdieta,
615 3794 788 3863 exceptiones,
805 3796 994 3865 stipulationes
1010 3797 1157 3867 praetorias
1174 3797 1333 3867 amplectens·

123 3875 265 3932 Difficilior
282 3876 416 3944 explicatu
439 3880 481 3933 est
502 3879 565 3935 erdo
588 3879 729 3934 titulorum
750 3880 881 3936 secundae
898 3883 997 3951 partis,
1013 3898 1066 3952 qua
1083 3883 1116 3937 de
1133 3900 1163 3938 12
1180 3883 1271 3938 uideas
1283 3879 1332 3937 aa

77 4017 81 4023 ,
122 3963 216 4031 malta
245 3962 496 4018 commentationem
523 3965 553 4019 in
577 3964 667 4020 ΖΕΘ.
688 3968 719 4032 3,
740 3968 788 4030 53,
810 3966 874 4021 11222
891 3983 1023 4022 summam
1046 3984 1127 4037 quam
1149 3969 1198 4024 ille
1222 3964 1333 4038 proponit

123 4048 280 4103 divisionem
297 4047 326 4101 in
344 4048 432 4102 edicta
449 4048 481 4104 de
498 4049 556 4104 iure
573 4053 602 4105 et
619 4049 652 4105 de
669 4051 833 4119 possessione
851 4051 974 4121 equidem
990 4068 1044 4107 non
1064 4053 1291 4122 comprobaverint
1305 4075 1333 4091 -·

122 4131 291 4199 3111221122
309 4131 347 4188 D.
364 4135 434 4197 2,1.
457 4163 491 4172 -
506 4134 533 4200 4)
552 4134 623 4190 Sunt
640 4134 720 4190 verba
737 4135 795 4190 222.
812 4135 850 4190 D.
868 4141 896 4204 2,
913 4140 946 4204 3,·
967 4153 1090 4206 persaepe
1109 4138 1182 4192 enim
1198 4137 1334 4193 edictorum

125 4218 205 4273 verba
222 4218 341 4274 initialia
358 4217 523 4287 digestorum
540 4219 630 4273 titulis
647 4221 679 4274 ut
695 4219 815 4275 rubricae
832 4221 961 4291 inscripta
978 4219 1332 4288 2222-5111221222.

123 4404 151 4472 2)
169 4322 233 4460 Εἲὺ
241 4321 394 4461 [lgrmulam
412 4320 535 4385 actionis,
556 4337 625 4391 qnae
642 4321 704 4376 huic
721 4321 808 4378 edicto
825 4322 929 4378 adiecta
945 4324 1007 4388 luit,
1029 4324 1112 4379 121212
1130 4324 1333 4390 1122246.-

234 4446 240 4460 .
289 4447 295 4460 .
313 4409 340 4473 2,
357 4410 383 4462 7.
