2916 4860
119 380 161 444 20
565 378 649 446 Leges
670 377 721 428 XII
740 377 901 429 tabularum.

120 571 171 616 res
194 551 335 633 mancipi
358 570 419 614 usu
443 552 511 631 capi
531 570 592 614 non
613 554 774 629 poterant,
799 553 1025 628 praeterquam
1042 548 1068 610 si
1087 548 1127 611 ab
1146 549 1218 628 ipsa
1238 552 1349 612 tutore
1377 538 1379 546 ¹

120 658 252 718 auctore
275 652 417 716 traditae
440 657 565 716 essent:
589 652 631 715 id.
644 653 691 714 ita
715 652 785 731 lege
809 650 960 736 lllltab.
983 654 1114 713 cautum
1137 655 1217 714 erat.

205 753 233 816 3.
269 753 327 817 UTI
354 777 487 817 LEGASSI'I'
515 777 604 817 SUPER
630 775 750 831 pneuma
777 775 924 816 nundinum
952 775 1021 815 SUAE
1045 775 1102 822 REI,
1129 775 1178 814 ΙΤΑ
1200 774 1246 815 IUS
1269 775 1346 817 ESTO.

118 857 148 922 4.
172 857 203 921 SI
226 879 379 919 INTESTATO
402 880 542 928 MORITUR,
567 880 613 919 CUI
635 879 704 919 SUUS
728 879 818 919 HERES
842 877 896 919 NEC
919 878 1010 925 asum,
1035 877 1186 919 audaldus
1203 875 1349 918 PROXIMUS

121 982 261 1023 FAMILIAM
275 982 394 1023 ΗΑΒΕΤΟ.
427 958 455 1021 I)
479 959 511 1023 SI
525 983 676 1022 dannanus
691 982 744 1022 NEC
758 981 844 1027 ascia,
860 979 997 1020 andricas
1012 979 1151 1019 nuntiatam
1165 976 1304 1018 alannae.

208 1049 362 1126 606166
389 1062 431 1143 (1,
456 1062 538 1143 155).·
568 1060 691 1136 Quibus
718 1065 1040 1125 testamentoatutor
1071 1060 1167 1123 datus
1197 1076 1261 1121 non
1293 1059 1347 1136 sit,

120 1163 160 1225 ils
184 1181 221 1226 ex
243 1163 315 1244 lege
337 1163 400 1227 XII
423 1164 534 1244 agnati
558 1169 634 1226 sunt
656 1168 789 1226 tutores.

207 1262 232 1324 7.
262 1285 290 1329 a.
324 1265 357 1330 SI
374 1289 510 1329 FURIOSUS
533 1288 623 1336 ESCIT,
648 1288 803 1328 ineundam
827 1287 1039 1336 GENTILIUMQUE
1062 1286 1092 1326 IN
1113 1284 1148 1324 EO
1167 1282 1347 1333 racunlnqua

119 1387 182 1428 6166
197 1388 335 1429 rorasms
350 1390 424 1430 asro.
443 1404 486 1412 —
505 1369 534 1443 b.
555 1419 561 1431 .
583 1418 588 1431 .
607 1391 658 1430 nsr
672 1390 700 1429 m
714 1369 979 1430 cusrcsrmcascrrl
1004 1416 1010 1429 .
1036 1417 1042 1428 .
1067 1401 1105 1409 —
1132 1384 1155 1429 c.
1187 1364 1347 1446 Ulpianus

123 1478 326 1488 q*—

188 1517 212 1569 3.
249 1521 404 1585 Saepissime
422 1523 500 1573 huius
516 1524 584 1588 legis
601 1524 677 1574 verba
695 1540 710 1572 a
728 1524 854 1573 veteribus
878 1523 1024 1584 afferuntur,
1044 1512 1142 1584 diverso
1161 1528 1245 1569 autem
1255 1521 1344 1568 modo:

120 1610 166 1646 urr
189 1609 320 1646 caessara
348 1611 416 1648 suna
440 1612 502 1664 aar,
525 1613 545 1651 1.
568 1614 586 1650 1.
605 1613 631 1650 a.
659 1596 731 1662 (Gai.
755 1601 782 1660 2,
800 1599 864 1649 aad.
882 1595 996 1663 rasta,
1014 1598 1052 1647 22
1066 1609 1110 1660 pr.
1131 1592 1226 1660 Pomp.
1244 1592 1281 1644 D.
1301 1597 1346 1654 50,

118 1673 264 1736 16,120.);
291 1687 486 1726 uriacensem
505 1690 622 1734 6616666
641 1691 678 1726 oa
698 1690 749 1726 sua
767 1691 812 1738 aa,
831 1691 849 1724 1.
868 1690 886 1724 1.
905 1689 931 1724 6.
950 1662 1028 1729 (Νου.
1044 1674 1094 1735 22,
1116 1674 1135 1724 2
1153 1674 1221 1737 pr.t;
1240 1685 1345 1721 Parca-

118 1764 316 1800 6166116661
335 1764 422 1800 surra
439 1764 557 1801 annium
579 1766 754 1810 6666616666
778 1766 828 1802 sun
851 1764 1016 1814 anonvmus,
1036 1764 1054 1799 1.
1073 1764 1091 1798 1.
1109 1763 1135 1798 a.
1154 1745 1218 1810 (cto.
1239 1744 1271 1798 de
1289 1746 1343 1797 t'aa

118 1830 144 1888 2,
154 1829 201 1891 50,
220 1825 273 1878 Ra.
287 1825 501 1890 6611611636
519 1843 705 1879 6616616611
720 1844 807 1879 66166
820 1843 940 1879 rucuma
954 1841 1097 1878 rurnnnva
1112 1839 1181 1876 suna
1192 1839 1306 1889 661,1.1,
1319 1839 1344 1874 s.

120 1903 195 1970 (Uip.
214 1903 362 1967 611114).
380 1901 487 1956 Accedit
505 1907 571 1970 quod
589 1907 618 1955 in
634 1907 690 1955 loco
708 1907 815 1971 quodam
838 1901 923 1954 Poalr'
946 1901 991 1962 (D.
1015 1904 1117 1966 5616,
1140 1903 1254 1966 53111).
1268 1903 1345 1952 verba

118 1985 184 2048 legis
201 1985 349 2033 laudantur:
369 1995 456 2031 surra
474 1996 612 2032 racunma
640 1996 802 2032 rurannavn
822 1996 900 2045 sunu,
927 1983 1043 2031 mendose
1071 1991 1099 2030 ut
1123 1980 1231 2030 videtur.
1269 1980 1343 2029 Certe

118 2079 170 2111 non
187 2062 268 2110 solum
287 2062 315 2109 de
333 2077 359 2108 re
378 2068 452 2124 atque
469 2061 579 2124 pecunia
597 2061 730 2110 sedetiam
745 2062 774 2109 de
788 2061 867 2110 tutela
876 2061 956 2124 legem
967 2059 1072 2120 cavisse,
1082 2059 1341 2121 confirmantquoque

119 2135 207 2188 Guttae
225 2146 250 2187 et
268 2132 375 2185 Paulas
392 2133 420 2184 in
438 2131 475 2186 D.
493 2136 538 2191 20,
556 2138 583 2194 2,
602 2138 625 2186 1.
644 2137 728 2197 20,1.

186 2211 210 2263 4.
250 2210 312 2277 Uip.
333 2212 372 2263 111.
383 2209 424 2274 26,
436 2211 470 2269 ll:
496 2209 608 2262 ‘cautum
626 2224 663 2263 est
679 2215 735 2279 lege
753 2214 806 2263 XII
824 2214 873 2264 tab.
893 2216 952 2263 hac:
980 2205 1184 2259 sl-Hdssar0.'
1204 2205 1286 2258 Paul.
1297 2205 1342 2256 ad.

118 2286 180 2342 Soc.
208 2286 254 2351 (D.
273 2289 318 2351 28,
336 2289 363 2347 2,
382 2289 407 2350 9,
425 2290 467 2346 211
511 2287 581 2338 ‘haec
612 2293 701 2342 rerba:
738 2305 762 2338 61
790 2301 940 2339 mnasrnro
967 2300 1092 2336 noarrua
1119 2287 1149 2335 ad
1182 2287 1208 2334 id
1241 2295 1343 2349 tompus

116 2363 267 2418 referuntur’
291 2368 336 2415 etc.
360 2361 422 2429 Ulp.
445 2361 483 2414 ad
510 2361 550 2416 ed.
569 2363 607 2427 (D
634 2368 676 2427 15,
695 2369 736 2426 16,
755 2369 813 2426 195,
833 2368 875 2431 1).·
902 2364 1038 2416 ‘Familiae
1059 2363 1199 2430 appellatio
1219 2388 1250 2394 -
1270 2371 1294 2412 et
1313 2362 1344 2412 in

119 2462 157 2494 res
183 2453 207 2494 et
225 2446 255 2494 in
272 2460 392 2510 personas
410 2444 554 2507 deducitur,
582 2445 611 2494 in
628 2463 667 2495 res
684 2472 718 2480 -
736 2447 765 2496 in
781 2447 838 2511 lege
855 2446 907 2495 XII
935 2446 985 2493 tab.
1012 2443 1053 2492 his
1080 2441 1175 2493 verbis:
1195 2453 1341 2488 dannanus

119 2546 152 2554 -
169 2517 298 2569 116616Τοῖ
334 2521 420 2570 Minus
445 2530 560 2571 accurate
595 2517 648 2574 Ct'c.
676 2519 716 2584 166
733 2520 786 2574 inv.
805 2525 831 2581 2,
850 2523 894 2581 50)
918 2522 995 2570 dicit:
1028 2517 1090 2569 ‘Lex
1109 2517 1175 2580 (estlz
1206 2517 1235 2566 Si
1255 2528 1338 2582 pater-

118 2597 232 2646 familias
255 2598 375 2648 intestato
398 2598 517 2662 moritur,
542 2599 643 2648 familia
667 2602 826 2665 pecuniaque
851 2601 906 2649 eius
924 2600 1045 2663 agnatdm
1064 2595 1250 2661 gentiliumque
1269 2589 1342 2643 esto’

119 2673 277 2722 Generaliter
298 2675 381 2739 legem
400 2686 605 2726 commemorant:
626 2673 688 2726 Got.
710 2678 739 2741 3,
758 2679 781 2726 1.
800 2677 824 2725 9.
844 2678 884 2725 11.
918 2672 998 2724 Parti.
1017 2673 1125 2732 361161,
1144 2672 1168 2720 8.
1188 2667 1284 2736 Pomp.
1303 2667 1340 2720 D.

119 2748 161 2807 50,
180 2748 222 2810 16,
240 2749 293 2798 162
302 2763 348 2813 pr.
367 2752 423 2800 alii.

186 2825 210 2875 5.
251 2823 313 2892 Ulp.
332 2824 375 2876 lt'b.
397 2825 480 2893 repat.
499 2824 576 2892 (Call.
596 2830 637 2887 16,
656 2830 679 2878 4.
699 2829 743 2891 2).·
783 2827 820 2879 ‘Si
846 2838 953 2894 agnatus
977 2829 1089 2878 defuncti
1114 2846 1164 2878 non
1187 2829 1231 2891 sit,
1254 2830 1340 2878 eadem

117 2905 157 2953 lex
183 2903 235 2953 XII
262 2906 310 2954 tab.
339 2907 449 2970 gentiles
467 2907 498 2955 ad
515 2907 683 2957 hereditatem
700 2919 774 2957 vocat
783 2908 826 2956 his
840 2908 935 2958 verbis:
956 2919 979 2954 61
998 2917 1175 2954 66161166-
1192 2900 1341 2953 maranno!

119 3007 150 3015 -
171 2981 207 3031 ds.
227 2978 391 3038 661617.
412 2978 493 3032 Paul.
513 2983 541 3032 in
561 2979 626 3032 dod.
646 2984 687 3045 16,
705 2985 729 3042 3,
748 2985 772 3032 3.
803 2980 854 3035 Cic.
875 2981 1016 3034 11164611.

186 3057 209 3108 6.
236 3055 300 3124 Uip.
320 3057 364 3122 (fr.
383 3060 425 3116 11,
444 3059 485 3120 3):
503 3057 557 3125 ‘per
575 3061 742 3110 eminentiam
758 3062 873 3126 legitimi
891 3059 1006 3123 (tutores)
1025 3061 1153 3124 dicuntur,
1172 3060 1217 3125 qui
1235 3060 1339 3124 exlege

117 3133 169 3183 Xll
187 3136 237 3184 tab.
257 3137 459 3198 introducuntur,
478 3154 521 3186 seu
539 3138 681 3202 propalam,
700 3139 786 3202 quales
805 3149 864 3188 sunt
882 3138 981 3203 agnati,
1000 3153 1044 3186 seu
1063 3155 1108 3201 per
1121 3135 1336 3201 consequentiam,

119 3211 204 3273 quales
224 3220 282 3262 sunt
301 3207 422 3277 patroni'
451 3212 488 3262 cf.
507 3209 544 3260 D.
563 3213 608 3271 26,
626 3213 652 3274 4,
669 3215 701 3276 1,’
718 3215 743 3272 4,
761 3214 786 3272 5,
804 3213 821 3261 7
834 3227 879 3278 pr.

187 3286 209 3336 7.
229 3305 250 3336 a.
288 3285 342 3338 016.
361 3284 403 3351 (de
420 3285 472 3340 ino.
491 3289 518 3348 2,
536 3290 591 3339 501
617 3287 679 3340 ‘Lex
697 3299 745 3340 est:
771 3303 795 3339 s1
817 3302 949 3340 66616666
968 3315 1000 3324 -
1019 3285 1102 3339 asro'
1131 3285 1337 3350 61616666,

118 3361 141 3420 5,
159 3363 214 3423 11);
234 3366 365 3415 insanIam
386 3393 415 3400 -
434 3383 449 3415 a
467 3366 550 3417 furore
568 3369 760 3432 distinguimus,
777 3368 875 3424 -Qui
893 3369 931 3417 ita
950 3367 983 3417 sit
1002 3369 1114 3431 affectus,
1133 3384 1189 3416 eum
1207 3367 1337 3415 dominum

118 3454 170 3486 esse
188 3456 272 3488 rerum
291 3458 392 3491 suarum
411 3452 496 3494 vetant
514 3442 566 3492 XII
585 3445 635 3494 tab.
653 3444 742 3508 ltaque
760 3461 811 3492 non
830 3453 867 3494 est
885 3444 1022 3508 scriptum:
1047 3443 1076 3493 Si
1095 3444 1214 3505 insanus,
1234 3443 1288 3491 sed:
1314 3454 1338 3489 61

117 3524 249 3561 curiosus
284 3512 394 3564 asom!2
430 3514 511 3567 Paul.
530 3513 739 3578 66625911).
759 3519 801 3580 50,
820 3520 861 3577 16,
880 3520 914 3568 53
927 3519 994 3584 pat:
1014 3516 1078 3568 ‘oum
1098 3520 1193 3570 dieitur
1211 3521 1280 3584 apud
1298 3537 1338 3569 ro-

118 3598 193 3638 teres:
227 3602 416 3641 nncnnroamu
440 3590 658 3650 caurrmunaun'
697 3604 743 3644 eto.
762 3622 794 3628 —
815 3596 852 3646 Cf.
879 3591 915 3644 D.
943 3595 987 3657 27,
1011 3597 1053 3658 10,
1081 3596 1130 3657 13,·
1156 3596 1339 3660 261361.

119 3662 181 3714 dot.
200 3666 227 3724 2,
246 3666 287 3716 64.

185 3744 209 3791 b.
245 3737 331 3793 Fest:
358 3742 392 3793 ‘N
399 3762 429 3794 cc
454 3748 659 3796 coniunctionem
676 3745 838 3811 -positam
862 3767 914 3799 csse
938 3752 969 3799 ab
987 3750 1101 3814 antiquis
1120 3766 1165 3813 pro
1185 3766 1249 3810 6611,
1269 3757 1296 3797 ut
1315 3761 1339 3796 61

117 3821 145 3868 in
162 3820 214 3869 XII
232 3829 280 3870 est:
300 3833 349 3869 nsr
368 3847 400 3856 —
418 3819 512 3873 666113
532 3824 568 3873 Cf.
588 3818 660 3873 Fest.
679 3828 733 3875 Ast.

186 3913 206 3945 o.
242 3892 268 3945 J.
286 3897 311 3958 1,
328 3897 373 3954 23,
391 3897 422 3945 3.’
441 3896 554 3950 ‘Furiosi
577 3918 675 3965 quoque
693 3913 718 3951 et
735 3903 839 3967 prodigi
859 3928 890 3936 -
910 3904 937 3952 in
956 3904 1086 3953 curatione
1110 3912 1169 3952 sunt
1188 3914 1338 3965 agnatorum

118 3974 220 4037 exlege
238 3973 291 4023 XII
310 3969 369 4023 tab.’
389 3975 425 4024 Os.
444 3971 481 4023 D.
500 3976 664 4036 27,10,13.

186 4090 212 4154 1)
231 4090 301 4143 Haec
319 4090 400 4142 verba
422 4091 501 4158 priori
523 4091 577 4159 legi
601 4098 660 4159 post
678 4111 766 4148 vocem
790 4096 870 4149 ‘escit'
891 4096 1031 4150 inserenda
1049 4097 1126 4163 putat
1145 4093 1205 4147 Soa.
1225 4097 1290 4156 109;
1310 4096 1339 4144 at

118 4173 243 4226 ‘custode'
266 4175 325 4228 fieri
347 4192 399 4228 nun
424 4177 525 4245 potuit,
549 4181 579 4230 ut
598 4182 757 4247 agnatorum
776 4183 894 4247 potestas
913 4179 1107 4243 excluderetur,
1135 4179 1187 4231 nisi
1205 4178 1339 4230 custodem

117 4258 260 4326 intellegas
279 4264 326 4314 aut
344 4263 455 4327 patrem,
481 4265 528 4313 aut
547 4266 669 4325 tutorem,
688 4264 756 4333 quod
775 4266 885 4319 admitti
903 4282 954 4318 non
973 4267 1074 4333 potest;
1103 4263 1137 4315 ad
1155 4263 1236 4316 aliam
1253 4264 1339 4330 igitur

118 4359 173 4396 rem
194 4346 315 4415 spectent
337 4346 401 4398 haec
426 4346 506 4400 verba
528 4363 634 4400 necesse
657 4353 711 4412 est,
736 4351 846 4403 sortasse
870 4350 900 4401 ad
926 4349 1025 4403 delicta
1043 4349 1142 4401 furiosi.
1160 4378 1194 4386 -
1213 4350 1238 4412 2)
1258 4347 1339 4401 codd.

118 4445 269 4498 perperam:
289 4433 353 4485 ‘esse
372 4430 484 4500 incipit’.
