<?xml version="1.0" encoding="UTF-8"?>
<!DOCTYPE html PUBLIC "-//W3C//DTD XHTML 1.0 Transitional//EN"
    "http://www.w3.org/TR/xhtml1/DTD/xhtml1-transitional.dtd">
<html xmlns="http://www.w3.org/1999/xhtml" xml:lang="en" lang="en">
 <head>
  <title>
</title>
<meta http-equiv="Content-Type" content="text/html;charset=utf-8" />
  <meta name='ocr-system' content='tesseract 3.04.00' />
  <meta name='ocr-capabilities' content='ocr_page ocr_carea ocr_par ocr_line ocrx_word'/>
</head>
<body>
  <div class='ocr_page' id='page_1' title='image "./fontesiurisroma01brungoog_0307.png"; bbox 0 0 2916 4860; ppageno 0'>
   <div class='ocr_carea' id='block_1_1' title="bbox 198 357 891 426">
    <p class='ocr_par' dir='ltr' id='par_1_1' title="bbox 198 357 891 426">
     <span class='ocr_line' id='line_1_1' title="bbox 198 357 891 426; baseline 0.009 -17"><span class='ocrx_word' id='word_1_1' title='bbox 198 362 262 426; x_wconf 72' lang='lat'><strong>284</strong></span> <span class='ocrx_word' id='word_1_2' title='bbox 737 357 891 426; x_wconf 75' lang='lat' dir='ltr'>Scriptores.</span> 
     </span>
    </p>
   </div>
   <div class='ocr_carea' id='block_1_2' title="bbox 193 530 1456 4278">
    <p class='ocr_par' dir='ltr' id='par_1_2' title="bbox 198 530 1411 716">
     <span class='ocr_line' id='line_1_2' title="bbox 198 530 1411 610; baseline 0.002 -13"><span class='ocrx_word' id='word_1_3' title='bbox 198 534 272 597; x_wconf 91' lang='lat' dir='ltr'><strong>hinc</strong></span> <span class='ocrx_word' id='word_1_4' title='bbox 294 534 370 597; x_wconf 88' lang='lat' dir='ltr'><strong>licet</strong></span> <span class='ocrx_word' id='word_1_5' title='bbox 394 533 579 597; x_wconf 87' lang='lat' dir='ltr'><strong>existimari.</strong></span> <span class='ocrx_word' id='word_1_6' title='bbox 611 532 654 596; x_wconf 91' lang='lat' dir='ltr'><strong>Et</strong></span> <span class='ocrx_word' id='word_1_7' title='bbox 672 533 777 595; x_wconf 86' lang='lat' dir='ltr'><strong>virum</strong></span> <span class='ocrx_word' id='word_1_8' title='bbox 795 530 914 595; x_wconf 93' lang='lat' dir='ltr'><strong>bonum</strong></span> <span class='ocrx_word' id='word_1_9' title='bbox 937 549 1009 595; x_wconf 92' lang='lat' dir='ltr'><strong>cum</strong></span> <span class='ocrx_word' id='word_1_10' title='bbox 1031 532 1233 610; x_wconf 82' lang='lat' dir='ltr'><strong>laudabant,</strong></span> <span class='ocrx_word' id='word_1_11' title='bbox 1247 534 1296 598; x_wconf 88' lang='lat' dir='ltr'><strong>ita</strong></span> <span class='ocrx_word' id='word_1_12' title='bbox 1315 535 1411 599; x_wconf 80' lang='lat' dir='ltr'><strong>lauda-</strong></span> 
     </span>
     <span class='ocr_line' id='line_1_3' title="bbox 199 631 1292 716; baseline -0.005 -16"><span class='ocrx_word' id='word_1_13' title='bbox 199 638 286 715; x_wconf 88' lang='lat' dir='ltr'><strong>bant,</strong></span> <span class='ocrx_word' id='word_1_14' title='bbox 309 638 428 701; x_wconf 90' lang='lat' dir='ltr'><strong>bonum</strong></span> <span class='ocrx_word' id='word_1_15' title='bbox 452 636 625 716; x_wconf 77' lang='lat' dir='ltr'>agricolam</span> <span class='ocrx_word' id='word_1_16' title='bbox 650 635 832 712; x_wconf 93' lang='lat' dir='ltr'><strong>bonumque</strong></span> <span class='ocrx_word' id='word_1_17' title='bbox 860 631 1013 697; x_wconf 91' lang='lat' dir='ltr'><strong>colonum.</strong></span> <span class='ocrx_word' id='word_1_18' title='bbox 1290 637 1292 640; x_wconf 68' lang='lat'>‘</span> 
     </span>
    </p>

    <p class='ocr_par' dir='ltr' id='par_1_3' title="bbox 195 733 1456 3458">
     <span class='ocr_line' id='line_1_4' title="bbox 285 733 1411 820; baseline 0.004 -22"><span class='ocrx_word' id='word_1_19' title='bbox 285 736 354 801; x_wconf 80' lang='grc'><strong>144.</strong></span> <span class='ocrx_word' id='word_1_20' title='bbox 377 736 490 801; x_wconf 88' lang='lat' dir='ltr'><strong>Oleam</strong></span> <span class='ocrx_word' id='word_1_21' title='bbox 511 738 682 818; x_wconf 88' lang='lat' dir='ltr'><strong>legendam</strong></span> <span class='ocrx_word' id='word_1_22' title='bbox 701 737 761 800; x_wconf 93' lang='lat' dir='ltr'><strong>hoc</strong></span> <span class='ocrx_word' id='word_1_23' title='bbox 780 734 875 799; x_wconf 93' lang='lat' dir='ltr'><strong>modo</strong></span> <span class='ocrx_word' id='word_1_24' title='bbox 895 733 1000 799; x_wconf 87' lang='lat' dir='ltr'><strong>locare</strong></span> <span class='ocrx_word' id='word_1_25' title='bbox 1019 741 1162 814; x_wconf 80' lang='lat' dir='ltr'><strong>oportet:</strong></span> <span class='ocrx_word' id='word_1_26' title='bbox 1187 735 1304 801; x_wconf 90' lang='lat' dir='ltr'><strong>Oleam</strong></span> <span class='ocrx_word' id='word_1_27' title='bbox 1322 738 1411 820; x_wconf 81' lang='lat' dir='ltr'><strong>cogito</strong></span> 
     </span>
     <span class='ocr_line' id='line_1_5' title="bbox 197 831 1410 930; baseline -0.001 -25"><span class='ocrx_word' id='word_1_28' title='bbox 197 846 285 905; x_wconf 87' lang='lat' dir='ltr'><strong>recte</strong></span> <span class='ocrx_word' id='word_1_29' title='bbox 308 857 431 904; x_wconf 93' lang='lat' dir='ltr'><strong>omnem</strong></span> <span class='ocrx_word' id='word_1_30' title='bbox 455 838 617 903; x_wconf 86' lang='lat' dir='ltr'><strong>arbitratu</strong></span> <span class='ocrx_word' id='word_1_31' title='bbox 642 839 761 903; x_wconf 92' lang='lat' dir='ltr'><strong>domini</strong></span> <span class='ocrx_word' id='word_1_32' title='bbox 784 841 842 901; x_wconf 90' lang='lat' dir='ltr'><strong>aut</strong></span> <span class='ocrx_word' id='word_1_33' title='bbox 860 854 955 918; x_wconf 89' lang='lat' dir='ltr'><strong>quem</strong></span> <span class='ocrx_word' id='word_1_34' title='bbox 978 836 1143 902; x_wconf 85' lang='lat' dir='ltr'>custodem</span> <span class='ocrx_word' id='word_1_35' title='bbox 1162 835 1280 930; x_wconf 85' lang='lat' dir='ltr'><strong>fecerit</strong></span> <span class='ocrx_word' id='word_1_36' title='bbox 1300 831 1357 903; x_wconf 88' lang='lat' dir='ltr'><strong>aut</strong></span> <span class='ocrx_word' id='word_1_37' title='bbox 1373 843 1410 904; x_wconf 90' lang='lat' dir='ltr'><strong>cui</strong></span> 
     </span>
     <span class='ocr_line' id='line_1_6' title="bbox 197 937 1411 1020; baseline 0.001 -15"><span class='ocrx_word' id='word_1_38' title='bbox 197 943 268 1006; x_wconf 87' lang='lat' dir='ltr'><strong>olea</strong></span> <span class='ocrx_word' id='word_1_39' title='bbox 290 941 435 1005; x_wconf 82' lang='lat' dir='ltr'><strong>venierit.</strong></span> <span class='ocrx_word' id='word_1_40' title='bbox 479 939 591 1005; x_wconf 86' lang='lat' dir='ltr'><strong>Oleam</strong></span> <span class='ocrx_word' id='word_1_41' title='bbox 615 960 655 1005; x_wconf 94' lang='lat' dir='ltr'><strong>ne</strong></span> <span class='ocrx_word' id='word_1_42' title='bbox 679 939 831 1020; x_wconf 83' lang='lat' dir='ltr'><strong>stringito</strong></span> <span class='ocrx_word' id='word_1_43' title='bbox 853 956 934 1003; x_wconf 92' lang='lat' dir='ltr'><strong>neve</strong></span> <span class='ocrx_word' id='word_1_44' title='bbox 955 937 1127 1003; x_wconf 87' lang='lat' dir='ltr'><strong>verberato</strong></span> <span class='ocrx_word' id='word_1_45' title='bbox 1149 939 1282 1005; x_wconf 89' lang='lat' dir='ltr'><strong>iniussu</strong></span> <span class='ocrx_word' id='word_1_46' title='bbox 1308 941 1411 1006; x_wconf 90' lang='lat' dir='ltr'><strong>domini</strong></span> 
     </span>
     <span class='ocr_line' id='line_1_7' title="bbox 198 1039 1409 1124; baseline 0.001 -18"><span class='ocrx_word' id='word_1_47' title='bbox 198 1049 255 1108; x_wconf 86' lang='lat' dir='ltr'><strong>aut</strong></span> <span class='ocrx_word' id='word_1_48' title='bbox 274 1042 431 1119; x_wconf 82' lang='lat' dir='ltr'><strong>custodis3</strong></span> <span class='ocrx_word' id='word_1_49' title='bbox 455 1043 481 1106; x_wconf 89' lang='lat' dir='ltr'><strong>si</strong></span> <span class='ocrx_word' id='word_1_50' title='bbox 500 1044 654 1107; x_wconf 86' lang='lat' dir='ltr'><strong>adversus</strong></span> <span class='ocrx_word' id='word_1_51' title='bbox 675 1060 713 1106; x_wconf 87' lang='lat' dir='ltr'><strong>ea</strong></span> <span class='ocrx_word' id='word_1_52' title='bbox 732 1041 805 1122; x_wconf 90' lang='lat' dir='ltr'><strong>quis</strong></span> <span class='ocrx_word' id='word_1_53' title='bbox 822 1039 947 1119; x_wconf 88' lang='lat' dir='ltr'><strong>iecerit,</strong></span> <span class='ocrx_word' id='word_1_54' title='bbox 971 1041 1056 1120; x_wconf 87' lang='lat' dir='ltr'><strong>quod</strong></span> <span class='ocrx_word' id='word_1_55' title='bbox 1074 1041 1144 1119; x_wconf 93' lang='lat' dir='ltr'><strong>ipse</strong></span> <span class='ocrx_word' id='word_1_56' title='bbox 1163 1059 1202 1105; x_wconf 93' lang='lat' dir='ltr'><strong>eo</strong></span> <span class='ocrx_word' id='word_1_57' title='bbox 1228 1042 1282 1106; x_wconf 89' lang='lat' dir='ltr'><strong>die</strong></span> <span class='ocrx_word' id='word_1_58' title='bbox 1301 1043 1409 1124; x_wconf 77' lang='lat' dir='ltr'><strong>legerit,</strong></span> 
     </span>
     <span class='ocr_line' id='line_1_8' title="bbox 198 1139 1410 1225; baseline 0.001 -17"><span class='ocrx_word' id='word_1_59' title='bbox 198 1165 254 1225; x_wconf 88' lang='lat' dir='ltr'><strong>pro</strong></span> <span class='ocrx_word' id='word_1_60' title='bbox 286 1164 321 1209; x_wconf 92' lang='lat' dir='ltr'><strong>eo</strong></span> <span class='ocrx_word' id='word_1_61' title='bbox 348 1162 441 1207; x_wconf 92' lang='lat' dir='ltr'><strong>nemo</strong></span> <span class='ocrx_word' id='word_1_62' title='bbox 472 1144 575 1208; x_wconf 87' lang='lat' dir='ltr'><strong>solvet</strong></span> <span class='ocrx_word' id='word_1_63' title='bbox 605 1162 710 1224; x_wconf 90' lang='lat' dir='ltr'><strong>neque</strong></span> <span class='ocrx_word' id='word_1_64' title='bbox 739 1140 919 1207; x_wconf 83' lang='lat' dir='ltr'><strong>debebitur.</strong></span> <span class='ocrx_word' id='word_1_65' title='bbox 968 1140 1024 1222; x_wconf 84' lang='grc'>(2.)</span> <span class='ocrx_word' id='word_1_66' title='bbox 1054 1139 1117 1217; x_wconf 84' lang='lat' dir='ltr'><strong>Qui</strong></span> <span class='ocrx_word' id='word_1_67' title='bbox 1146 1143 1254 1207; x_wconf 88' lang='lat' dir='ltr'><strong>oleam</strong></span> <span class='ocrx_word' id='word_1_68' title='bbox 1277 1144 1410 1225; x_wconf 81' lang='lat' dir='ltr'><strong>legerint,</strong></span> 
     </span>
     <span class='ocr_line' id='line_1_9' title="bbox 197 1241 1410 1322; baseline 0.002 -13"><span class='ocrx_word' id='word_1_69' title='bbox 197 1265 305 1310; x_wconf 89' lang='lat' dir='ltr'><strong>omnes</strong></span> <span class='ocrx_word' id='word_1_70' title='bbox 329 1247 458 1310; x_wconf 88' lang='lat' dir='ltr'><strong>iuranto</strong></span> <span class='ocrx_word' id='word_1_71' title='bbox 482 1247 524 1309; x_wconf 86' lang='lat' dir='ltr'><strong>ad</strong></span> <span class='ocrx_word' id='word_1_72' title='bbox 548 1241 714 1310; x_wconf 90' lang='lat' dir='ltr'><strong>dominum</strong></span> <span class='ocrx_word' id='word_1_73' title='bbox 740 1248 798 1309; x_wconf 89' lang='lat' dir='ltr'><strong>aut</strong></span> <span class='ocrx_word' id='word_1_74' title='bbox 820 1243 995 1322; x_wconf 82' lang='lat' dir='ltr'><strong>custodem,</strong></span> <span class='ocrx_word' id='word_1_75' title='bbox 1018 1260 1088 1308; x_wconf 86' lang='lat' dir='ltr'><strong>sese</strong></span> <span class='ocrx_word' id='word_1_76' title='bbox 1110 1244 1215 1308; x_wconf 85' lang='lat' dir='ltr'><strong>oleam</strong></span> <span class='ocrx_word' id='word_1_77' title='bbox 1239 1263 1305 1310; x_wconf 93' lang='lat' dir='ltr'><strong>non</strong></span> <span class='ocrx_word' id='word_1_78' title='bbox 1328 1248 1410 1311; x_wconf 86' lang='lat' dir='ltr'><strong>suni·</strong></span> 
     </span>
     <span class='ocr_line' id='line_1_10' title="bbox 197 1344 1408 1428; baseline 0.002 -17"><span class='ocrx_word' id='word_1_79' title='bbox 197 1349 305 1428; x_wconf 90' lang='lat' dir='ltr'><strong>puisse</strong></span> <span class='ocrx_word' id='word_1_80' title='bbox 327 1365 432 1428; x_wconf 92' lang='lat' dir='ltr'><strong>neque</strong></span> <span class='ocrx_word' id='word_1_81' title='bbox 455 1365 649 1428; x_wconf 82' lang='lat' dir='ltr'>quemquam</span> <span class='ocrx_word' id='word_1_82' title='bbox 682 1365 740 1410; x_wconf 88' lang='lat' dir='ltr'><strong>suo</strong></span> <span class='ocrx_word' id='word_1_83' title='bbox 771 1344 842 1410; x_wconf 93' lang='lat' dir='ltr'><strong>dolo</strong></span> <span class='ocrx_word' id='word_1_84' title='bbox 869 1346 953 1410; x_wconf 90' lang='lat' dir='ltr'><strong>malo</strong></span> <span class='ocrx_word' id='word_1_85' title='bbox 981 1363 1020 1409; x_wconf 88' lang='lat' dir='ltr'><strong>ea</strong></span> <span class='ocrx_word' id='word_1_86' title='bbox 1046 1346 1180 1411; x_wconf 89' lang='lat' dir='ltr'><strong>oleitate</strong></span> <span class='ocrx_word' id='word_1_87' title='bbox 1205 1366 1246 1411; x_wconf 86' lang='lat' dir='ltr'><strong>ex</strong></span> <span class='ocrx_word' id='word_1_88' title='bbox 1268 1345 1365 1412; x_wconf 82' lang='lat' dir='ltr'><strong>fundo</strong></span> <span class='ocrx_word' id='word_1_89' title='bbox 1382 1350 1408 1413; x_wconf 92' lang='lat' dir='ltr'><strong>L.</strong></span> 
     </span>
     <span class='ocr_line' id='line_1_11' title="bbox 198 1447 1408 1531; baseline 0.001 -18"><span class='ocrx_word' id='word_1_90' title='bbox 198 1448 323 1526; x_wconf 84' lang='lat' dir='ltr'><strong>bianlii;</strong></span> <span class='ocrx_word' id='word_1_91' title='bbox 345 1449 401 1529; x_wconf 85' lang='lat' dir='ltr'><strong>qui</strong></span> <span class='ocrx_word' id='word_1_92' title='bbox 424 1465 533 1511; x_wconf 92' lang='lat' dir='ltr'><strong>eorum</strong></span> <span class='ocrx_word' id='word_1_93' title='bbox 556 1467 619 1512; x_wconf 94' lang='lat' dir='ltr'><strong>non</strong></span> <span class='ocrx_word' id='word_1_94' title='bbox 642 1448 690 1512; x_wconf 86' lang='lat' dir='ltr'><strong>ita</strong></span> <span class='ocrx_word' id='word_1_95' title='bbox 712 1447 877 1526; x_wconf 87' lang='lat' dir='ltr'><strong>iuraverit,</strong></span> <span class='ocrx_word' id='word_1_96' title='bbox 900 1449 985 1528; x_wconf 90' lang='lat' dir='ltr'><strong>quod</strong></span> <span class='ocrx_word' id='word_1_97' title='bbox 1003 1448 1031 1511; x_wconf 90' lang='lat' dir='ltr'><strong>is</strong></span> <span class='ocrx_word' id='word_1_98' title='bbox 1046 1448 1163 1528; x_wconf 89' lang='lat' dir='ltr'><strong>legerit</strong></span> <span class='ocrx_word' id='word_1_99' title='bbox 1182 1466 1290 1528; x_wconf 89' lang='lat' dir='ltr'><strong>omne,</strong></span> <span class='ocrx_word' id='word_1_100' title='bbox 1315 1469 1368 1531; x_wconf 92' lang='lat' dir='ltr'><strong>pro</strong></span> <span class='ocrx_word' id='word_1_101' title='bbox 1381 1469 1408 1514; x_wconf 92' lang='lat' dir='ltr'><strong>eo</strong></span> 
     </span>
     <span class='ocr_line' id='line_1_12' title="bbox 197 1547 1408 1631; baseline 0.002 -17"><span class='ocrx_word' id='word_1_102' title='bbox 197 1554 367 1631; x_wconf 89' lang='lat' dir='ltr'><strong>argentum</strong></span> <span class='ocrx_word' id='word_1_103' title='bbox 391 1566 484 1613; x_wconf 91' lang='lat' dir='ltr'><strong>nemo</strong></span> <span class='ocrx_word' id='word_1_104' title='bbox 508 1549 601 1613; x_wconf 87' lang='lat' dir='ltr'><strong>dabit</strong></span> <span class='ocrx_word' id='word_1_105' title='bbox 623 1567 727 1629; x_wconf 86' lang='lat' dir='ltr'><strong>neque</strong></span> <span class='ocrx_word' id='word_1_106' title='bbox 751 1548 929 1614; x_wconf 81' lang='lat' dir='ltr'><strong>debebitur.</strong></span> <span class='ocrx_word' id='word_1_107' title='bbox 975 1547 1088 1613; x_wconf 88' lang='lat' dir='ltr'><strong>Oleam</strong></span> <span class='ocrx_word' id='word_1_108' title='bbox 1101 1550 1183 1630; x_wconf 83' lang='lat' dir='ltr'><strong>&#39;cogi</strong></span> <span class='ocrx_word' id='word_1_109' title='bbox 1207 1556 1315 1631; x_wconf 89' lang='lat' dir='ltr'><strong>recte,</strong></span> <span class='ocrx_word' id='word_1_110' title='bbox 1346 1554 1408 1617; x_wconf 88' lang='lat' dir='ltr'><strong>satis</strong></span> 
     </span>
     <span class='ocr_line' id='line_1_13' title="bbox 197 1647 1423 1732; baseline 0 -15"><span class='ocrx_word' id='word_1_111' title='bbox 197 1653 273 1717; x_wconf 85' lang='lat' dir='ltr'><strong>dato</strong></span> <span class='ocrx_word' id='word_1_112' title='bbox 296 1651 460 1715; x_wconf 86' lang='lat' dir='ltr'><strong>arbitratu</strong></span> <span class='ocrx_word' id='word_1_113' title='bbox 483 1650 516 1715; x_wconf 93' lang='lat' dir='ltr'><strong>L.</strong></span> <span class='ocrx_word' id='word_1_114' title='bbox 532 1651 657 1716; x_wconf 81' lang='lat' dir='ltr'><strong>Manlii.</strong></span> <span class='ocrx_word' id='word_1_115' title='bbox 688 1650 801 1715; x_wconf 82' lang='lat' dir='ltr'><strong>Scalae</strong></span> <span class='ocrx_word' id='word_1_116' title='bbox 823 1651 871 1714; x_wconf 91' lang='lat' dir='ltr'><strong>ita</strong></span> <span class='ocrx_word' id='word_1_117' title='bbox 895 1651 944 1714; x_wconf 92' lang='lat' dir='ltr'><strong>uti</strong></span> <span class='ocrx_word' id='word_1_118' title='bbox 967 1652 1063 1715; x_wconf 89' lang='lat' dir='ltr'><strong>datae</strong></span> <span class='ocrx_word' id='word_1_119' title='bbox 1086 1656 1193 1731; x_wconf 88' lang='lat' dir='ltr'><strong>erunt,</strong></span> <span class='ocrx_word' id='word_1_120' title='bbox 1217 1654 1266 1718; x_wconf 86' lang='lat' dir='ltr'><strong>ita</strong></span> <span class='ocrx_word' id='word_1_121' title='bbox 1288 1647 1423 1732; x_wconf 86' lang='lat' dir='ltr'><strong>reddito,&#39;</strong></span> 
     </span>
     <span class='ocr_line' id='line_1_14' title="bbox 195 1750 1408 1838; baseline 0.001 -20"><span class='ocrx_word' id='word_1_122' title='bbox 195 1755 257 1818; x_wconf 91' lang='lat' dir='ltr'><strong>nisi</strong></span> <span class='ocrx_word' id='word_1_123' title='bbox 281 1771 362 1834; x_wconf 88' lang='lat' dir='ltr'><strong>quae</strong></span> <span class='ocrx_word' id='word_1_124' title='bbox 386 1756 552 1817; x_wconf 88' lang='lat' dir='ltr'><strong>vetustate</strong></span> <span class='ocrx_word' id='word_1_125' title='bbox 575 1750 701 1816; x_wconf 85' lang='lat' dir='ltr'><strong>fractae</strong></span> <span class='ocrx_word' id='word_1_126' title='bbox 728 1759 836 1830; x_wconf 88' lang='lat' dir='ltr'><strong>erunt;</strong></span> <span class='ocrx_word' id='word_1_127' title='bbox 868 1752 894 1817; x_wconf 91' lang='lat' dir='ltr'><strong>si</strong></span> <span class='ocrx_word' id='word_1_128' title='bbox 917 1770 981 1817; x_wconf 92' lang='lat' dir='ltr'><strong>non</strong></span> <span class='ocrx_word' id='word_1_129' title='bbox 1004 1758 1117 1832; x_wconf 88' lang='lat' dir='ltr'><strong>erunt,</strong></span> <span class='ocrx_word' id='word_1_130' title='bbox 1147 1755 1268 1820; x_wconf 90' lang='lat' dir='ltr'><strong>reddet</strong></span> <span class='ocrx_word' id='word_1_131' title='bbox 1296 1775 1408 1838; x_wconf 83' lang='lat' dir='ltr'><strong>aequas,</strong></span> 
     </span>
     <span class='ocr_line' id='line_1_15' title="bbox 196 1852 1409 1938; baseline 0.003 -19"><span class='ocrx_word' id='word_1_132' title='bbox 196 1862 251 1920; x_wconf 90' lang='lat' dir='ltr'><strong>aut</strong></span> <span class='ocrx_word' id='word_1_133' title='bbox 274 1856 438 1921; x_wconf 87' lang='lat' dir='ltr'><strong>arbitratu</strong></span> <span class='ocrx_word' id='word_1_134' title='bbox 461 1855 649 1919; x_wconf 84' lang='lat' dir='ltr'><strong>deducetur.</strong></span> <span class='ocrx_word' id='word_1_135' title='bbox 694 1852 755 1938; x_wconf 87' lang='lat'><strong>(3.)</strong></span> <span class='ocrx_word' id='word_1_136' title='bbox 779 1854 813 1919; x_wconf 87' lang='lat' dir='ltr'><strong>Si</strong></span> <span class='ocrx_word' id='word_1_137' title='bbox 837 1855 914 1935; x_wconf 89' lang='lat' dir='ltr'><strong>quid</strong></span> <span class='ocrx_word' id='word_1_138' title='bbox 936 1854 1151 1935; x_wconf 85' lang='lat' dir='ltr'><strong>redemptoris</strong></span> <span class='ocrx_word' id='word_1_139' title='bbox 1173 1855 1277 1936; x_wconf 88' lang='lat' dir='ltr'><strong>opera</strong></span> <span class='ocrx_word' id='word_1_140' title='bbox 1300 1858 1409 1922; x_wconf 92' lang='lat' dir='ltr'><strong>domino</strong></span> 
     </span>
     <span class='ocr_line' id='line_1_16' title="bbox 196 1956 1408 2034; baseline 0.002 -14"><span class='ocrx_word' id='word_1_141' title='bbox 196 1959 303 2021; x_wconf 89' lang='lat' dir='ltr'><strong>damni</strong></span> <span class='ocrx_word' id='word_1_142' title='bbox 327 1958 439 2021; x_wconf 90' lang='lat' dir='ltr'><strong>datum</strong></span> <span class='ocrx_word' id='word_1_143' title='bbox 462 1957 534 2034; x_wconf 91' lang='lat' dir='ltr'><strong>erit,</strong></span> <span class='ocrx_word' id='word_1_144' title='bbox 558 1957 724 2033; x_wconf 87' lang='lat' dir='ltr'><strong>resolvite,</strong></span> <span class='ocrx_word' id='word_1_145' title='bbox 755 1959 830 2020; x_wconf 88' lang='lat' dir='ltr'><strong>aut¹</strong></span> <span class='ocrx_word' id='word_1_146' title='bbox 859 1957 919 2020; x_wconf 91' lang='lat' dir='ltr'><strong>viri</strong></span> <span class='ocrx_word' id='word_1_147' title='bbox 940 1956 1017 2021; x_wconf 90' lang='lat' dir='ltr'><strong>boni</strong></span> <span class='ocrx_word' id='word_1_148' title='bbox 1045 1957 1212 2023; x_wconf 88' lang='lat' dir='ltr'><strong>arbitratu</strong></span> <span class='ocrx_word' id='word_1_149' title='bbox 1235 1960 1408 2025; x_wconf 85' lang='lat' dir='ltr'><strong>deducetur.</strong></span> 
     </span>
     <span class='ocr_line' id='line_1_17' title="bbox 197 2058 1409 2142; baseline 0.001 -19"><span class='ocrx_word' id='word_1_150' title='bbox 197 2059 336 2140; x_wconf 88' lang='lat' dir='ltr'><strong>Legulos</strong></span> <span class='ocrx_word' id='word_1_151' title='bbox 360 2064 439 2139; x_wconf 89' lang='lat' dir='ltr'><strong>quot</strong></span> <span class='ocrx_word' id='word_1_152' title='bbox 461 2076 542 2139; x_wconf 92' lang='lat' dir='ltr'><strong>opus</strong></span> <span class='ocrx_word' id='word_1_153' title='bbox 566 2064 661 2122; x_wconf 91' lang='lat' dir='ltr'><strong>erunt</strong></span> <span class='ocrx_word' id='word_1_154' title='bbox 685 2058 848 2138; x_wconf 85' lang='lat' dir='ltr'><strong>praebeto,</strong></span> <span class='ocrx_word' id='word_1_155' title='bbox 872 2063 905 2123; x_wconf 92' lang='lat' dir='ltr'><strong>et</strong></span> <span class='ocrx_word' id='word_1_156' title='bbox 933 2060 1112 2137; x_wconf 61' lang='lat' dir='ltr'><strong>strictorem</strong></span> <span class='ocrx_word' id='word_1_157' title='bbox 1144 2061 1171 2124; x_wconf 90' lang='lat' dir='ltr'><strong>si</strong></span> <span class='ocrx_word' id='word_1_158' title='bbox 1195 2078 1261 2125; x_wconf 92' lang='lat' dir='ltr'><strong>non</strong></span> <span class='ocrx_word' id='word_1_159' title='bbox 1286 2063 1409 2142; x_wconf 87' lang='lat' dir='ltr'><strong>praebu-</strong></span> 
     </span>
     <span class='ocr_line' id='line_1_18' title="bbox 197 2155 1409 2240; baseline 0.003 -18"><span class='ocrx_word' id='word_1_160' title='bbox 197 2160 273 2238; x_wconf 92' lang='lat' dir='ltr'><strong>erit,</strong></span> <span class='ocrx_word' id='word_1_161' title='bbox 305 2161 418 2240; x_wconf 87' lang='lat' dir='ltr'><strong>quanti</strong></span> <span class='ocrx_word' id='word_1_162' title='bbox 449 2161 641 2224; x_wconf 90' lang='lat' dir='ltr'><strong>conductum</strong></span> <span class='ocrx_word' id='word_1_163' title='bbox 665 2161 727 2225; x_wconf 90' lang='lat' dir='ltr'><strong>erit</strong></span> <span class='ocrx_word' id='word_1_164' title='bbox 750 2166 814 2225; x_wconf 55' lang='lat' dir='ltr'><strong>aut&gt;</strong></span> <span class='ocrx_word' id='word_1_165' title='bbox 830 2155 974 2225; x_wconf 89' lang='lat' dir='ltr'><strong>locatum</strong></span> <span class='ocrx_word' id='word_1_166' title='bbox 997 2162 1073 2239; x_wconf 91' lang='lat' dir='ltr'><strong>erit,</strong></span> <span class='ocrx_word' id='word_1_167' title='bbox 1106 2161 1303 2238; x_wconf 85' lang='lat' dir='ltr'><strong>deducetur,</strong></span> <span class='ocrx_word' id='word_1_168' title='bbox 1334 2170 1409 2228; x_wconf 90' lang='lat' dir='ltr'><strong>tanto</strong></span> 
     </span>
     <span class='ocr_line' id='line_1_19' title="bbox 195 2259 1456 2346; baseline 0.004 -24"><span class='ocrx_word' id='word_1_169' title='bbox 195 2262 301 2324; x_wconf 90' lang='lat' dir='ltr'><strong>minus</strong></span> <span class='ocrx_word' id='word_1_170' title='bbox 329 2261 510 2325; x_wconf 90' lang='lat' dir='ltr'><strong>debebitur.</strong></span> <span class='ocrx_word' id='word_1_171' title='bbox 555 2261 603 2326; x_wconf 91' lang='lat' dir='ltr'><strong>De</strong></span> <span class='ocrx_word' id='word_1_172' title='bbox 634 2259 732 2326; x_wconf 90' lang='lat' dir='ltr'><strong>fundo</strong></span> <span class='ocrx_word' id='word_1_173' title='bbox 764 2263 853 2343; x_wconf 86' lang='lat' dir='ltr'><strong>ligna</strong></span> <span class='ocrx_word' id='word_1_174' title='bbox 885 2268 918 2326; x_wconf 90' lang='lat' dir='ltr'><strong>et</strong></span> <span class='ocrx_word' id='word_1_175' title='bbox 945 2263 1048 2328; x_wconf 86' lang='lat' dir='ltr'><strong>oleam</strong></span> <span class='ocrx_word' id='word_1_176' title='bbox 1073 2281 1113 2327; x_wconf 92' lang='lat' dir='ltr'><strong>ne</strong></span> <span class='ocrx_word' id='word_1_177' title='bbox 1147 2264 1338 2345; x_wconf 89' lang='lat' dir='ltr'><strong>deportato;</strong></span> <span class='ocrx_word' id='word_1_178' title='bbox 1365 2265 1409 2346; x_wconf 89' lang='lat' dir='ltr'><strong>qui</strong></span> <span class='ocrx_word' id='word_1_179' title='bbox 1454 2272 1456 2284; x_wconf 60' lang='lat'><strong><em>¹</em></strong></span> 
     </span>
     <span class='ocr_line' id='line_1_20' title="bbox 196 2362 1410 2446; baseline 0.005 -22"><span class='ocrx_word' id='word_1_180' title='bbox 196 2362 299 2426; x_wconf 92' lang='lat' dir='ltr'><strong>oleam</strong></span> <span class='ocrx_word' id='word_1_181' title='bbox 328 2363 444 2443; x_wconf 90' lang='lat' dir='ltr'><strong>legerit</strong></span> <span class='ocrx_word' id='word_1_182' title='bbox 473 2364 527 2443; x_wconf 90' lang='lat' dir='ltr'><strong>qui</strong></span> <span class='ocrx_word' id='word_1_183' title='bbox 551 2364 740 2442; x_wconf 89' lang='lat' dir='ltr'><strong>deportarit,</strong></span> <span class='ocrx_word' id='word_1_184' title='bbox 764 2364 796 2427; x_wconf 94' lang='lat' dir='ltr'><strong>in</strong></span> <span class='ocrx_word' id='word_1_185' title='bbox 821 2365 963 2446; x_wconf 87' lang='lat' dir='ltr'><strong>singulas</strong></span> <span class='ocrx_word' id='word_1_186' title='bbox 990 2365 1236 2445; x_wconf 89' lang='lat' dir='ltr'><strong>deportationes</strong></span> <span class='ocrx_word' id='word_1_187' title='bbox 1264 2367 1319 2432; x_wconf 85' lang='lat' dir='ltr'><strong>HS</strong></span> <span class='ocrx_word' id='word_1_188' title='bbox 1341 2388 1367 2432; x_wconf 88' lang='lat' dir='ltr'><strong>n.</strong></span> <span class='ocrx_word' id='word_1_189' title='bbox 1386 2368 1410 2431; x_wconf 89' lang='lat' dir='ltr'><strong>ll</strong></span> 
     </span>
     <span class='ocr_line' id='line_1_21' title="bbox 196 2464 1409 2551; baseline 0.007 -26"><span class='ocrx_word' id='word_1_190' title='bbox 196 2464 398 2527; x_wconf 87' lang='lat' dir='ltr'><strong>deducentur</strong></span> <span class='ocrx_word' id='word_1_191' title='bbox 425 2482 530 2544; x_wconf 87' lang='lat' dir='ltr'><strong>neque</strong></span> <span class='ocrx_word' id='word_1_192' title='bbox 558 2465 592 2529; x_wconf 89' lang='lat' dir='ltr'><strong>id</strong></span> <span class='ocrx_word' id='word_1_193' title='bbox 624 2465 802 2530; x_wconf 86' lang='lat' dir='ltr'><strong>debebitur.</strong></span> <span class='ocrx_word' id='word_1_194' title='bbox 847 2465 903 2548; x_wconf 86' lang='grc'>(4.)</span> <span class='ocrx_word' id='word_1_195' title='bbox 928 2466 1061 2531; x_wconf 88' lang='lat' dir='ltr'>Omnem</span> <span class='ocrx_word' id='word_1_196' title='bbox 1091 2467 1193 2533; x_wconf 88' lang='lat' dir='ltr'><strong>oleam</strong></span> <span class='ocrx_word' id='word_1_197' title='bbox 1218 2489 1337 2551; x_wconf 89' lang='lat' dir='ltr'><strong>puram</strong></span> <span class='ocrx_word' id='word_1_198' title='bbox 1357 2489 1409 2533; x_wconf 91' lang='lat' dir='ltr'><strong>me·</strong></span> 
     </span>
     <span class='ocr_line' id='line_1_22' title="bbox 195 2566 1409 2654; baseline 0.006 -27"><span class='ocrx_word' id='word_1_199' title='bbox 195 2566 297 2628; x_wconf 89' lang='lat' dir='ltr'><strong>tietur</strong></span> <span class='ocrx_word' id='word_1_200' title='bbox 320 2566 425 2629; x_wconf 91' lang='lat' dir='ltr'><strong>modio</strong></span> <span class='ocrx_word' id='word_1_201' title='bbox 448 2566 578 2630; x_wconf 88' lang='lat' dir='ltr'><strong>oleario.</strong></span> <span class='ocrx_word' id='word_1_202' title='bbox 624 2568 777 2632; x_wconf 83' lang='lat' dir='ltr'><strong>Assiduos</strong></span> <span class='ocrx_word' id='word_1_203' title='bbox 800 2569 944 2634; x_wconf 90' lang='lat' dir='ltr'><strong>homines</strong></span> <span class='ocrx_word' id='word_1_204' title='bbox 967 2569 992 2632; x_wconf 94' lang='lat' dir='ltr'>L</span> <span class='ocrx_word' id='word_1_205' title='bbox 1015 2570 1182 2650; x_wconf 87' lang='lat' dir='ltr'><strong>praebeto,</strong></span> <span class='ocrx_word' id='word_1_206' title='bbox 1208 2572 1293 2637; x_wconf 87' lang='lat' dir='ltr'><strong>duas</strong></span> <span class='ocrx_word' id='word_1_207' title='bbox 1316 2578 1409 2654; x_wconf 80' lang='lat' dir='ltr'><strong>partes</strong></span> 
     </span>
     <span class='ocr_line' id='line_1_23' title="bbox 196 2667 1409 2754; baseline 0.005 -26"><span class='ocrx_word' id='word_1_208' title='bbox 196 2667 380 2730; x_wconf 86' lang='lat' dir='ltr'><strong>strictorum</strong></span> <span class='ocrx_word' id='word_1_209' title='bbox 412 2669 575 2747; x_wconf 91' lang='lat' dir='ltr'><strong>praebeto.</strong></span> <span class='ocrx_word' id='word_1_210' title='bbox 599 2669 669 2733; x_wconf 78' lang='lat' dir='ltr'><strong>&#39;Ne</strong></span> <span class='ocrx_word' id='word_1_211' title='bbox 701 2671 773 2750; x_wconf 89' lang='lat' dir='ltr'><strong>quis</strong></span> <span class='ocrx_word' id='word_1_212' title='bbox 805 2670 979 2750; x_wconf 89' lang='lat' dir='ltr'><strong>concedat,</strong></span> <span class='ocrx_word' id='word_1_213' title='bbox 1016 2688 1080 2752; x_wconf 90' lang='lat' dir='ltr'><strong>quo</strong></span> <span class='ocrx_word' id='word_1_214' title='bbox 1112 2672 1184 2735; x_wconf 92' lang='lat' dir='ltr'><strong>olea</strong></span> <span class='ocrx_word' id='word_1_215' title='bbox 1216 2673 1359 2754; x_wconf 89' lang='lat' dir='ltr'><strong>legunda</strong></span> <span class='ocrx_word' id='word_1_216' title='bbox 1385 2681 1409 2736; x_wconf 88' lang='lat' dir='ltr'><strong>et</strong></span> 
     </span>
     <span class='ocr_line' id='line_1_24' title="bbox 195 2767 1409 2856; baseline 0.006 -26"><span class='ocrx_word' id='word_1_217' title='bbox 195 2767 345 2832; x_wconf 88' lang='lat' dir='ltr'><strong>faciunda</strong></span> <span class='ocrx_word' id='word_1_218' title='bbox 368 2769 474 2834; x_wconf 88' lang='lat' dir='ltr'><strong>carius</strong></span> <span class='ocrx_word' id='word_1_219' title='bbox 496 2770 634 2849; x_wconf 87' lang='lat' dir='ltr'><strong>locetur,</strong></span> <span class='ocrx_word' id='word_1_220' title='bbox 664 2775 755 2835; x_wconf 86' lang='lat' dir='ltr'><strong>extra</strong></span> <span class='ocrx_word' id='word_1_221' title='bbox 777 2791 875 2852; x_wconf 86' lang='lat' dir='ltr'><strong>quam</strong></span> <span class='ocrx_word' id='word_1_222' title='bbox 899 2771 926 2835; x_wconf 89' lang='lat' dir='ltr'><strong>si</strong></span> <span class='ocrx_word' id='word_1_223' title='bbox 949 2789 1044 2852; x_wconf 91' lang='lat' dir='ltr'><strong>quem</strong></span> <span class='ocrx_word' id='word_1_224' title='bbox 1068 2773 1190 2836; x_wconf 89' lang='lat' dir='ltr'><strong>socium</strong></span> <span class='ocrx_word' id='word_1_225' title='bbox 1213 2775 1248 2837; x_wconf 92' lang='lat' dir='ltr'><strong>in</strong></span> <span class='ocrx_word' id='word_1_226' title='bbox 1271 2793 1409 2856; x_wconf 89' lang='lat' dir='ltr'><strong>praeson-</strong></span> 
     </span>
     <span class='ocr_line' id='line_1_25' title="bbox 195 2871 1408 2953; baseline 0.003 -20"><span class='ocrx_word' id='word_1_227' title='bbox 195 2871 315 2934; x_wconf 86' lang='lat' dir='ltr'><strong>tiarum</strong></span> <span class='ocrx_word' id='word_1_228' title='bbox 339 2872 470 2949; x_wconf 83' lang='lat' dir='ltr'><strong>dixerit3</strong></span> <span class='ocrx_word' id='word_1_229' title='bbox 500 2871 556 2953; x_wconf 76' lang='lat' dir='ltr'><strong>(b.)</strong></span> <span class='ocrx_word' id='word_1_230' title='bbox 584 2872 610 2936; x_wconf 88' lang='lat' dir='ltr'><strong>si</strong></span> <span class='ocrx_word' id='word_1_231' title='bbox 635 2873 705 2953; x_wconf 88' lang='lat' dir='ltr'><strong>quis</strong></span> <span class='ocrx_word' id='word_1_232' title='bbox 729 2873 905 2938; x_wconf 51' lang='lat' dir='ltr'><strong>aduersum¹</strong></span> <span class='ocrx_word' id='word_1_233' title='bbox 925 2891 964 2937; x_wconf 89' lang='lat' dir='ltr'><strong>ea</strong></span> <span class='ocrx_word' id='word_1_234' title='bbox 986 2872 1109 2951; x_wconf 86' lang='lat' dir='ltr'><strong>fecerit,</strong></span> <span class='ocrx_word' id='word_1_235' title='bbox 1140 2875 1168 2938; x_wconf 93' lang='lat' dir='ltr'><strong>si</strong></span> <span class='ocrx_word' id='word_1_236' title='bbox 1192 2875 1343 2941; x_wconf 92' lang='lat' dir='ltr'><strong>dominus</strong></span> <span class='ocrx_word' id='word_1_237' title='bbox 1363 2883 1408 2941; x_wconf 89' lang='lat' dir='ltr'><strong>out</strong></span> 
     </span>
     <span class='ocr_line' id='line_1_26' title="bbox 195 2973 1409 3061; baseline 0.004 -26"><span class='ocrx_word' id='word_1_238' title='bbox 195 2977 302 3036; x_wconf 89' lang='lat' dir='ltr'><strong>custos</strong></span> <span class='ocrx_word' id='word_1_239' title='bbox 325 2973 447 3052; x_wconf 89' lang='lat' dir='ltr'><strong>volent,</strong></span> <span class='ocrx_word' id='word_1_240' title='bbox 479 2973 588 3037; x_wconf 92' lang='lat' dir='ltr'><strong>iurent</strong></span> <span class='ocrx_word' id='word_1_241' title='bbox 610 2991 719 3038; x_wconf 91' lang='lat' dir='ltr'><strong>omnes</strong></span> <span class='ocrx_word' id='word_1_242' title='bbox 743 2975 835 3052; x_wconf 80' lang='lat' dir='ltr'><strong>socii3</strong></span> <span class='ocrx_word' id='word_1_243' title='bbox 867 2975 894 3038; x_wconf 94' lang='lat' dir='ltr'><strong>si</strong></span> <span class='ocrx_word' id='word_1_244' title='bbox 916 2993 980 3038; x_wconf 97' lang='lat' dir='ltr'><strong>non</strong></span> <span class='ocrx_word' id='word_1_245' title='bbox 1002 2976 1051 3039; x_wconf 91' lang='lat' dir='ltr'><strong>ita</strong></span> <span class='ocrx_word' id='word_1_246' title='bbox 1074 2976 1274 3057; x_wconf 89' lang='lat' dir='ltr'><strong>iuraverint,</strong></span> <span class='ocrx_word' id='word_1_247' title='bbox 1305 2998 1361 3061; x_wconf 92' lang='lat' dir='ltr'><strong>pro</strong></span> <span class='ocrx_word' id='word_1_248' title='bbox 1380 2996 1409 3041; x_wconf 88' lang='lat' dir='ltr'><strong>ea</strong></span> 
     </span>
     <span class='ocr_line' id='line_1_27' title="bbox 197 3073 1411 3162; baseline 0.004 -26"><span class='ocrx_word' id='word_1_249' title='bbox 197 3073 267 3137; x_wconf 90' lang='lat' dir='ltr'><strong>olea</strong></span> <span class='ocrx_word' id='word_1_250' title='bbox 282 3075 425 3155; x_wconf 84' lang='lat' dir='ltr'><strong>iegunda</strong></span> <span class='ocrx_word' id='word_1_251' title='bbox 448 3079 482 3138; x_wconf 90' lang='lat' dir='ltr'><strong>et</strong></span> <span class='ocrx_word' id='word_1_252' title='bbox 503 3073 656 3138; x_wconf 88' lang='lat' dir='ltr'><strong>faciunda</strong></span> <span class='ocrx_word' id='word_1_253' title='bbox 678 3092 772 3138; x_wconf 93' lang='lat' dir='ltr'><strong>nemo</strong></span> <span class='ocrx_word' id='word_1_254' title='bbox 795 3074 886 3140; x_wconf 87' lang='lat' dir='ltr'><strong>dabit</strong></span> <span class='ocrx_word' id='word_1_255' title='bbox 903 3094 1008 3157; x_wconf 90' lang='lat' dir='ltr'><strong>neque</strong></span> <span class='ocrx_word' id='word_1_256' title='bbox 1027 3076 1201 3142; x_wconf 87' lang='lat' dir='ltr'><strong>debebitur</strong></span> <span class='ocrx_word' id='word_1_257' title='bbox 1224 3081 1265 3160; x_wconf 92' lang='lat' dir='ltr'><strong>ei,</strong></span> <span class='ocrx_word' id='word_1_258' title='bbox 1290 3082 1345 3162; x_wconf 89' lang='lat' dir='ltr'><strong>qui</strong></span> <span class='ocrx_word' id='word_1_259' title='bbox 1361 3097 1411 3144; x_wconf 92' lang='lat' dir='ltr'><strong>nou</strong></span> 
     </span>
     <span class='ocr_line' id='line_1_28' title="bbox 196 3165 1410 3259; baseline 0.004 -24"><span class='ocrx_word' id='word_1_260' title='bbox 196 3175 360 3238; x_wconf 85' lang='lat' dir='ltr'><strong>iuraverit.</strong></span> <span class='ocrx_word' id='word_1_261' title='bbox 384 3175 605 3241; x_wconf 80' lang='lat' dir='ltr'><strong>Accessiones:</strong></span> <span class='ocrx_word' id='word_1_262' title='bbox 637 3177 670 3240; x_wconf 91' lang='lat' dir='ltr'><strong>in</strong></span> <span class='ocrx_word' id='word_1_263' title='bbox 693 3165 842 3259; x_wconf 72' lang='lat' dir='ltr'><strong>mtodios)</strong></span> <span class='ocrx_word' id='word_1_264' title='bbox 865 3176 967 3242; x_wconf 77' lang='lat' dir='ltr'><strong>cneo</strong></span> <span class='ocrx_word' id='word_1_265' title='bbox 990 3180 1115 3243; x_wconf 89' lang='lat' dir='ltr'><strong>accedit</strong></span> <span class='ocrx_word' id='word_1_266' title='bbox 1138 3179 1231 3246; x_wconf 84' lang='lat' dir='ltr'><strong>oleae</strong></span> <span class='ocrx_word' id='word_1_267' title='bbox 1260 3183 1363 3247; x_wconf 86' lang='lat' dir='ltr'><strong>salsae</strong></span> <span class='ocrx_word' id='word_1_268' title='bbox 1378 3200 1410 3244; x_wconf 93' lang='lat' dir='ltr'><strong>m.</strong></span> 
     </span>
     <span class='ocr_line' id='line_1_29' title="bbox 198 3275 1410 3366; baseline 0.007 -30"><span class='ocrx_word' id='word_1_269' title='bbox 198 3275 307 3354; x_wconf 82' lang='lat' dir='ltr'><strong>Vete.;</strong></span> <span class='ocrx_word' id='word_1_270' title='bbox 335 3278 419 3358; x_wconf 90' lang='lat' dir='ltr'><strong>quod</strong></span> <span class='ocrx_word' id='word_1_271' title='bbox 452 3278 539 3342; x_wconf 90' lang='lat' dir='ltr'><strong>oleae</strong></span> <span class='ocrx_word' id='word_1_272' title='bbox 572 3279 677 3343; x_wconf 86' lang='lat' dir='ltr'><strong>salsae</strong></span> <span class='ocrx_word' id='word_1_273' title='bbox 708 3296 771 3343; x_wconf 92' lang='lat' dir='ltr'><strong>non</strong></span> <span class='ocrx_word' id='word_1_274' title='bbox 795 3281 986 3360; x_wconf 87' lang='lat' dir='ltr'><strong>acceperint,</strong></span> <span class='ocrx_word' id='word_1_275' title='bbox 1020 3281 1097 3345; x_wconf 93' lang='lat' dir='ltr'><strong>dum</strong></span> <span class='ocrx_word' id='word_1_276' title='bbox 1121 3282 1226 3347; x_wconf 88' lang='lat' dir='ltr'><strong>oleam</strong></span> <span class='ocrx_word' id='word_1_277' title='bbox 1249 3285 1367 3366; x_wconf 90' lang='lat' dir='ltr'><strong>legent,</strong></span> <span class='ocrx_word' id='word_1_278' title='bbox 1385 3284 1410 3346; x_wconf 89' lang='lat' dir='ltr'><strong>in</strong></span> 
     </span>
     <span class='ocr_line' id='line_1_30' title="bbox 196 3377 874 3458; baseline 0.009 -19"><span class='ocrx_word' id='word_1_279' title='bbox 196 3377 318 3441; x_wconf 86' lang='lat' dir='ltr'><strong>modios</strong></span> <span class='ocrx_word' id='word_1_280' title='bbox 342 3378 485 3458; x_wconf 89' lang='lat' dir='ltr'><strong>singulos</strong></span> <span class='ocrx_word' id='word_1_281' title='bbox 507 3379 571 3443; x_wconf 82' lang='lat' dir='ltr'><strong>HS.</strong></span> <span class='ocrx_word' id='word_1_282' title='bbox 596 3378 626 3444; x_wconf 83' lang='lat' dir='ltr'><strong>S.</strong></span> <span class='ocrx_word' id='word_1_283' title='bbox 648 3379 677 3443; x_wconf 85' lang='lat' dir='ltr'><strong>S.</strong></span> <span class='ocrx_word' id='word_1_284' title='bbox 701 3380 874 3445; x_wconf 88' lang='lat' dir='ltr'><strong>dabuntur.</strong></span> 
     </span>
    </p>

    <p class='ocr_par' dir='ltr' id='par_1_4' title="bbox 193 3477 1411 4278">
     <span class='ocr_line' id='line_1_31' title="bbox 282 3477 1411 3564; baseline 0.011 -26"><span class='ocrx_word' id='word_1_285' title='bbox 282 3477 352 3541; x_wconf 76' lang='lat' dir='ltr'><strong>mo.</strong></span> <span class='ocrx_word' id='word_1_286' title='bbox 376 3479 488 3544; x_wconf 88' lang='lat' dir='ltr'><strong>Oleam</strong></span> <span class='ocrx_word' id='word_1_287' title='bbox 515 3479 699 3546; x_wconf 87' lang='lat' dir='ltr'><strong>faciundam</strong></span> <span class='ocrx_word' id='word_1_288' title='bbox 722 3483 784 3547; x_wconf 90' lang='lat' dir='ltr'><strong>hac</strong></span> <span class='ocrx_word' id='word_1_289' title='bbox 811 3482 881 3564; x_wconf 88' lang='lat' dir='ltr'><strong>lege</strong></span> <span class='ocrx_word' id='word_1_290' title='bbox 905 3489 1033 3564; x_wconf 90' lang='lat' dir='ltr'><strong>oportet</strong></span> <span class='ocrx_word' id='word_1_291' title='bbox 1055 3485 1175 3550; x_wconf 89' lang='lat' dir='ltr'><strong>locare:</strong></span> <span class='ocrx_word' id='word_1_292' title='bbox 1200 3489 1318 3554; x_wconf 89' lang='lat' dir='ltr'><strong>Facito</strong></span> <span class='ocrx_word' id='word_1_293' title='bbox 1339 3495 1411 3553; x_wconf 89' lang='lat' dir='ltr'><strong>recte</strong></span> 
     </span>
     <span class='ocr_line' id='line_1_32' title="bbox 196 3580 1411 3667; baseline 0.01 -28"><span class='ocrx_word' id='word_1_294' title='bbox 196 3580 359 3643; x_wconf 87' lang='lat' dir='ltr'><strong>arbitratu</strong></span> <span class='ocrx_word' id='word_1_295' title='bbox 392 3582 512 3646; x_wconf 93' lang='lat' dir='ltr'><strong>domini</strong></span> <span class='ocrx_word' id='word_1_296' title='bbox 539 3589 597 3646; x_wconf 90' lang='lat' dir='ltr'><strong>aut</strong></span> <span class='ocrx_word' id='word_1_297' title='bbox 621 3584 777 3664; x_wconf 89' lang='lat' dir='ltr'><strong>custodis,</strong></span> <span class='ocrx_word' id='word_1_298' title='bbox 811 3585 921 3667; x_wconf 85' lang='lat' dir='ltr'><strong>quiid</strong></span> <span class='ocrx_word' id='word_1_299' title='bbox 945 3587 1110 3667; x_wconf 81' lang='lat' dir='ltr'><strong>negotium</strong></span> <span class='ocrx_word' id='word_1_300' title='bbox 1134 3590 1277 3654; x_wconf 89' lang='lat' dir='ltr'><strong>curabit.</strong></span> <span class='ocrx_word' id='word_1_301' title='bbox 1325 3591 1356 3655; x_wconf 90' lang='lat' dir='ltr'><strong>Si</strong></span> <span class='ocrx_word' id='word_1_302' title='bbox 1375 3588 1411 3652; x_wconf 71' lang='lat' dir='ltr'><strong>tl</strong></span> 
     </span>
     <span class='ocr_line' id='line_1_33' title="bbox 194 3680 1411 3774; baseline 0.007 -31"><span class='ocrx_word' id='word_1_303' title='bbox 194 3680 279 3760; x_wconf 85' lang='lat' dir='ltr'><strong>iugis</strong></span> <span class='ocrx_word' id='word_1_304' title='bbox 305 3683 391 3746; x_wconf 88' lang='lat' dir='ltr'><strong>vasis</strong></span> <span class='ocrx_word' id='word_1_305' title='bbox 418 3701 497 3762; x_wconf 91' lang='lat' dir='ltr'><strong>opus</strong></span> <span class='ocrx_word' id='word_1_306' title='bbox 521 3685 596 3764; x_wconf 90' lang='lat' dir='ltr'><strong>erit,</strong></span> <span class='ocrx_word' id='word_1_307' title='bbox 628 3683 735 3749; x_wconf 85' lang='lat' dir='ltr'><strong>facito.</strong></span> <span class='ocrx_word' id='word_1_308' title='bbox 780 3687 934 3750; x_wconf 91' lang='lat' dir='ltr'><strong>Homines</strong></span> <span class='ocrx_word' id='word_1_309' title='bbox 957 3705 1012 3751; x_wconf 89' lang='lat' dir='ltr'><strong>eos</strong></span> <span class='ocrx_word' id='word_1_310' title='bbox 1036 3688 1128 3767; x_wconf 90' lang='lat' dir='ltr'><strong>dato,</strong></span> <span class='ocrx_word' id='word_1_311' title='bbox 1162 3692 1218 3770; x_wconf 92' lang='lat' dir='ltr'><strong>qui</strong></span> <span class='ocrx_word' id='word_1_312' title='bbox 1247 3692 1411 3774; x_wconf 85' lang='lat' dir='ltr'><strong>placebunt</strong></span> 
     </span>
     <span class='ocr_line' id='line_1_34' title="bbox 193 3784 1410 3875; baseline 0.009 -31"><span class='ocrx_word' id='word_1_313' title='bbox 193 3786 249 3845; x_wconf 85' lang='lat' dir='ltr'><strong>aut</strong></span> <span class='ocrx_word' id='word_1_314' title='bbox 272 3784 398 3847; x_wconf 92' lang='lat' dir='ltr'><strong>custodi</strong></span> <span class='ocrx_word' id='word_1_315' title='bbox 418 3791 475 3849; x_wconf 86' lang='lat' dir='ltr'><strong>aut</strong></span> <span class='ocrx_word' id='word_1_316' title='bbox 493 3787 548 3866; x_wconf 86' lang='lat' dir='ltr'><strong>qui</strong></span> <span class='ocrx_word' id='word_1_317' title='bbox 564 3805 636 3851; x_wconf 89' lang='lat' dir='ltr'><strong>eam</strong></span> <span class='ocrx_word' id='word_1_318' title='bbox 655 3789 758 3852; x_wconf 83' lang='lat' dir='ltr'><strong>oleam</strong></span> <span class='ocrx_word' id='word_1_319' title='bbox 777 3789 899 3852; x_wconf 90' lang='lat' dir='ltr'><strong>emerit.</strong></span> <span class='ocrx_word' id='word_1_320' title='bbox 934 3787 1068 3868; x_wconf 85' lang='lat' dir='ltr'><strong>Trapeti</strong></span> <span class='ocrx_word' id='word_1_321' title='bbox 1086 3787 1195 3855; x_wconf 87' lang='lat' dir='ltr'><strong>facito.</strong></span> <span class='ocrx_word' id='word_1_322' title='bbox 1231 3791 1265 3857; x_wconf 86' lang='lat' dir='ltr'><strong>Si</strong></span> <span class='ocrx_word' id='word_1_323' title='bbox 1285 3793 1410 3875; x_wconf 86' lang='lat' dir='ltr'><strong>operarii</strong></span> 
     </span>
     <span class='ocr_line' id='line_1_35' title="bbox 193 3885 1410 3974; baseline 0.007 -27"><span class='ocrx_word' id='word_1_324' title='bbox 193 3885 343 3948; x_wconf 89' lang='lat' dir='ltr'><strong>conducti</strong></span> <span class='ocrx_word' id='word_1_325' title='bbox 376 3892 485 3964; x_wconf 89' lang='lat' dir='ltr'><strong>erunt,</strong></span> <span class='ocrx_word' id='word_1_326' title='bbox 518 3893 576 3951; x_wconf 89' lang='lat' dir='ltr'><strong>aut</strong></span> <span class='ocrx_word' id='word_1_327' title='bbox 598 3886 744 3953; x_wconf 86' lang='lat' dir='ltr'><strong>facienda</strong></span> <span class='ocrx_word' id='word_1_328' title='bbox 766 3891 874 3954; x_wconf 86' lang='lat' dir='ltr'><strong>locata</strong></span> <span class='ocrx_word' id='word_1_329' title='bbox 902 3891 981 3969; x_wconf 87' lang='lat' dir='ltr'><strong>erit,</strong></span> <span class='ocrx_word' id='word_1_330' title='bbox 1013 3908 1132 3970; x_wconf 86' lang='lat' dir='ltr'><strong>proco</strong></span> <span class='ocrx_word' id='word_1_331' title='bbox 1162 3894 1333 3974; x_wconf 84' lang='lat' dir='ltr'><strong>resolvito,</strong></span> <span class='ocrx_word' id='word_1_332' title='bbox 1364 3900 1410 3960; x_wconf 86' lang='lat' dir='ltr'><strong>aut</strong></span> 
     </span>
     <span class='ocr_line' id='line_1_36' title="bbox 194 3985 1410 4078; baseline 0.008 -32"><span class='ocrx_word' id='word_1_333' title='bbox 194 3985 378 4051; x_wconf 87' lang='lat' dir='ltr'><strong>deducetur.</strong></span> <span class='ocrx_word' id='word_1_334' title='bbox 433 3987 489 4070; x_wconf 73' lang='lat'><strong>(2.)</strong></span> <span class='ocrx_word' id='word_1_335' title='bbox 513 3988 625 4053; x_wconf 88' lang='lat' dir='ltr'><strong>Oleum</strong></span> <span class='ocrx_word' id='word_1_336' title='bbox 657 4009 697 4054; x_wconf 95' lang='lat' dir='ltr'><strong>ne</strong></span> <span class='ocrx_word' id='word_1_337' title='bbox 729 3993 856 4072; x_wconf 80' lang='lat' dir='ltr'><strong>tangito</strong></span> <span class='ocrx_word' id='word_1_338' title='bbox 886 3992 999 4056; x_wconf 90' lang='lat' dir='ltr'><strong>utendi</strong></span> <span class='ocrx_word' id='word_1_339' title='bbox 1031 4010 1131 4056; x_wconf 85' lang='lat' dir='ltr'><strong>causa</strong></span> <span class='ocrx_word' id='word_1_340' title='bbox 1164 4012 1273 4078; x_wconf 87' lang='lat' dir='ltr'><strong>neque</strong></span> <span class='ocrx_word' id='word_1_341' title='bbox 1296 3995 1410 4061; x_wconf 85' lang='lat' dir='ltr'><strong>furandi</strong></span> 
     </span>
     <span class='ocr_line' id='line_1_37' title="bbox 193 4089 1408 4179; baseline 0.008 -30"><span class='ocrx_word' id='word_1_342' title='bbox 193 4105 304 4168; x_wconf 84' lang='lat' dir='ltr'><strong>causa,</strong></span> <span class='ocrx_word' id='word_1_343' title='bbox 338 4089 400 4152; x_wconf 88' lang='lat' dir='ltr'><strong>nisi</strong></span> <span class='ocrx_word' id='word_1_344' title='bbox 432 4091 517 4170; x_wconf 90' lang='lat' dir='ltr'><strong>quod</strong></span> <span class='ocrx_word' id='word_1_345' title='bbox 549 4098 656 4156; x_wconf 88' lang='lat' dir='ltr'><strong>custos</strong></span> <span class='ocrx_word' id='word_1_346' title='bbox 687 4093 814 4157; x_wconf 80' lang='lat' dir='ltr'><strong>(lederit</strong></span> <span class='ocrx_word' id='word_1_347' title='bbox 840 4099 898 4156; x_wconf 89' lang='lat' dir='ltr'><strong>aut</strong></span> <span class='ocrx_word' id='word_1_348' title='bbox 930 4094 1151 4171; x_wconf 83' lang='lat' dir='ltr'><strong>dominus;·si</strong></span> <span class='ocrx_word' id='word_1_349' title='bbox 1174 4101 1361 4179; x_wconf 85' lang='lat' dir='ltr'><strong>sumpserit,</strong></span> <span class='ocrx_word' id='word_1_350' title='bbox 1382 4097 1408 4161; x_wconf 94' lang='lat' dir='ltr'><strong>in</strong></span> 
     </span>
     <span class='ocr_line' id='line_1_38' title="bbox 193 4189 1409 4278; baseline 0.007 -28"><span class='ocrx_word' id='word_1_351' title='bbox 193 4189 335 4272; x_wconf 83' lang='lat' dir='ltr'><strong>singulas</strong></span> <span class='ocrx_word' id='word_1_352' title='bbox 376 4193 575 4272; x_wconf 88' lang='lat' dir='ltr'><strong>sumpsiones</strong></span> <span class='ocrx_word' id='word_1_353' title='bbox 607 4193 660 4258; x_wconf 83' lang='lat' dir='ltr'><strong>HS</strong></span> <span class='ocrx_word' id='word_1_354' title='bbox 695 4214 723 4259; x_wconf 96' lang='lat' dir='ltr'><strong>n.</strong></span> <span class='ocrx_word' id='word_1_355' title='bbox 758 4195 814 4258; x_wconf 89' lang='lat' dir='ltr'><strong>XL</strong></span> <span class='ocrx_word' id='word_1_356' title='bbox 855 4195 1054 4261; x_wconf 89' lang='lat' dir='ltr'><strong>deducentur</strong></span> <span class='ocrx_word' id='word_1_357' title='bbox 1094 4214 1202 4278; x_wconf 88' lang='lat' dir='ltr'><strong>neque</strong></span> <span class='ocrx_word' id='word_1_358' title='bbox 1239 4200 1409 4267; x_wconf 90' lang='lat' dir='ltr'><strong>debebitur.</strong></span> 
     </span>
    </p>
   </div>
   <div class='ocr_carea' id='block_1_3' title="bbox 192 4335 394 4345">
    <p class='ocr_par' dir='ltr' id='par_1_5' title="bbox 192 4335 394 4345">
     <span class='ocr_line' id='line_1_39' title="bbox 192 4335 394 4345; baseline 0.01 -4"><span class='ocrx_word' id='word_1_359' title='bbox 192 4335 394 4345; x_wconf 40' lang='lat' dir='ltr'><strong>Q*—</strong></span> 
     </span>
    </p>
   </div>
   <div class='ocr_carea' id='block_1_4' title="bbox 262 4409 741 4479">
    <p class='ocr_par' dir='ltr' id='par_1_6' title="bbox 262 4409 741 4479">
     <span class='ocr_line' id='line_1_40' title="bbox 262 4409 741 4479; baseline 0.008 -18"><span class='ocrx_word' id='word_1_360' title='bbox 262 4410 287 4467; x_wconf 69' lang='lat'><strong>1)</strong></span> <span class='ocrx_word' id='word_1_361' title='bbox 306 4409 349 4462; x_wconf 88' lang='lat' dir='ltr'><strong>lta</strong></span> <span class='ocrx_word' id='word_1_362' title='bbox 366 4411 401 4462; x_wconf 89' lang='lat' dir='ltr'><strong>B.</strong></span> <span class='ocrx_word' id='word_1_363' title='bbox 419 4427 466 4477; x_wconf 93' lang='lat' dir='ltr'><strong>pro</strong></span> <span class='ocrx_word' id='word_1_364' title='bbox 484 4412 536 4477; x_wconf 78' lang='lat' dir='ltr'><strong>‘id,’</strong></span> <span class='ocrx_word' id='word_1_365' title='bbox 556 4413 623 4466; x_wconf 90' lang='lat' dir='ltr'><strong>sicut</strong></span> <span class='ocrx_word' id='word_1_366' title='bbox 641 4417 700 4479; x_wconf 67' lang='lat'><strong>145,</strong></span> <span class='ocrx_word' id='word_1_367' title='bbox 718 4418 741 4467; x_wconf 91' lang='lat'><strong>1.</strong></span> 
     </span>
    </p>
   </div>
   <div class='ocr_carea' id='block_1_5' title="bbox 0 0 1462 4860">
    <p class='ocr_par' dir='ltr' id='par_1_7' title="bbox 0 0 1462 4860">
     <span class='ocr_line' id='line_1_41' title="bbox 0 0 1462 4860; baseline 0 0"><span class='ocrx_word' id='word_1_368' title='bbox 0 0 1462 4860; x_wconf 95' lang='lat' dir='ltr'><strong> </strong></span> 
     </span>
    </p>
   </div>
  </div>
 </body>
</html>
