2916 4860
606 360 743 415 Asconius.
1219 366 1279 431 291

339 556 376 610 Ε.
402 557 667 612 'Pa-Asconius
683 556 721 611 in
740 554 1001 612 divinationem.

145 666 214 752 §tl
239 669 273 737 C.
299 670 461 735 Gracchus
489 670 594 752 legem
627 670 750 734 tulerat
772 671 811 753 (a.
821 672 898 753 632),
929 675 966 734 ut
993 670 1118 751 equites
1144 670 1281 736 Romani

56 773 258 849 iudicarent;
282 771 504 836 iudicaverunt
528 790 585 852 per
608 789 707 836 annos
731 771 787 836 XL
811 775 880 838 sine
902 771 1044 836 infamia.
1080 771 1158 870 Post
1180 773 1282 838 victor

58 872 147 956 Sylla
171 872 210 954 (a.
237 874 301 956 673)
323 873 425 954 legem
449 874 581 951 tulerat,
606 878 642 936 ut
658 875 838 939 senatorius
857 875 934 940 ordo
953 875 1123 952 iudicaret,
1148 879 1180 938 et
1198 874 1281 939 iudi-

59 975 146 1056 cavit
169 993 227 1055 per
248 974 279 1038 X
301 992 401 1039 annos
424 976 581 1057 turpiter3
603 995 689 1040 nune
711 975 749 1057 (a.
774 976 839 1059 684)
863 979 940 1041 Aur.
966 973 1061 1040 Cotta
1083 975 1186 1057 legem
1210 974 1282 1056 fert,

57 1082 96 1139 ut
133 1081 298 1141 senatores
331 1082 363 1141 et
399 1077 526 1158 equites
565 1078 655 1142 Rom.
687 1096 723 1142 ac
759 1080 881 1144 tribuni
920 1078 1038 1144 aerarii
1070 1078 1164 1143 simul
1198 1079 1281 1143 iudi-

57 1183 141 1241 cent.
185 1179 260 1259 (130)

143 1280 305 1361 Regendis
319 1280 462 1345 moribus
481 1280 622 1346 civitatis
638 1300 785 1347 censores
804 1285 916 1365 quinto
934 1300 1061 1364 quoque
1080 1299 1162 1346 anno
1179 1282 1280 1346 creari

57 1379 214 1446 solebant.
260 1381 302 1445 Hi
320 1391 461 1461 ¹prorsus
489 1383 574 1447 cives
597 1384 642 1448 sic
664 1384 835 1450 notabant:
868 1389 914 1465 ut,
946 1385 1002 1466 qui
1029 1390 1159 1449 senator
1186 1389 1280 1463 esset,
1308 1389 1309 1392 ’

55 1483 227 1547 eiiceretur
250 1487 381 1562 senatu3
405 1484 461 1565 qui
483 1502 578 1565 eques
597 1486 772 1566 Romanus
795 1505 913 1567 equum
933 1486 1096 1568 publicum
1116 1487 1280 1567 perderem

56 1585 112 1666 qui
143 1585 305 1665 plebeius,
337 1585 370 1648 in
394 1584 558 1650 Caeritum
591 1587 720 1652 tabulas
751 1586 929 1653 referretur
956 1593 990 1653 et
1012 1589 1156 1653 aerarius
1178 1586 1280 1666 fieret,

56 1706 94 1751 ac
125 1705 182 1767 per
211 1687 271 1751 hoc
293 1706 356 1751 non
380 1692 466 1752 esset
488 1689 521 1752 in
545 1689 619 1754 albo
643 1690 809 1754 centuriae
837 1708 929 1769 suae,
961 1690 1017 1754 sed
1044 1690 1085 1754 ad
1113 1689 1172 1754 hoc
1195 1694 1282 1753 esset

56 1789 135 1853 civis
158 1789 399 1868 tantummodo,
430 1794 467 1853 ut
497 1809 555 1871 pro
586 1791 691 1871 capite
715 1809 772 1856 suo
795 1791 912 1857 tributi
934 1792 1062 1856 nomine
1086 1809 1162 1856 aera
1185 1809 1280 1872 prae·

54 1891 175 1955 beret.l
219 1891 297 1973 (103)

144 1994 160 2074 ξ
190 1992 238 2057 ll.
263 1993 325 2070 Qui
348 1991 492 2058 defendit
514 1995 650 2060 alterum
673 1995 706 2059 in
729 1995 862 2074 iudicio,
891 2000 949 2060 aut
971 2001 1127 2076 patronus
1151 1995 1279 2075 dicitur,

54 2095 81 2159 si
108 2100 217 2158 orator
240 2101 303 2173 est;
328 2101 385 2160 aut
409 2096 596 2176 advocatur,
620 2097 647 2161 si
666 2098 791 2162 antius
816 2098 963 2178 suggerit
982 2103 1040 2162 aut
1062 2097 1279 2179 praesentiam

54 2215 149 2261 suam
169 2198 348 2262 commodat
367 2199 483 2276 amico;
502 2203 559 2262 aut
577 2203 776 2279 procurator,
800 2200 827 2263 si
843 2198 1013 2281 (absentis)
1028 2199 1193 2280 negotium
1212 2216 1280 2262 sus-

55 2300 149 2379 cipit;
183 2304 240 2363 aut
264 2300 427 2381 cognitor,
458 2300 484 2365 si
507 2300 689 2381 praesentis
717 2318 846 2364 causam
868 2301 958 2365 novit
985 2305 1018 2365 et
1041 2301 1087 2364 sic
1109 2304 1220 2364 tuetur
1242 2305 1280 2363 ut

55 2419 157 2465 suam.
180 2399 267 2482 Ergo
281 2403 476 2482 cognitorem
487 2403 569 2467 dixit
578 2401 966 2468 modolamiliarissimum
977 2401 1184 2468 defensorem.
1201 2402 1280 2485 (104)

143 2500 231 2583 §24
254 2502 411 2579 Quadru
419 2505 598 2586 platores
617 2505 777 2570 delatores
788 2510 882 2569 erant
892 2506 1058 2570 criminum
1067 2505 1279 2586 publicorum,
1389 2542 1395 2553 ·
1432 2470 1442 2493 ι

54 2606 87 2668 in
120 2624 185 2686 qua
207 2623 243 2669 re
266 2611 418 2687 quartam
441 2611 567 2686 partem
591 2607 630 2670 de
661 2608 916 2686 proscriptorum
938 2607 1050 2686 bonit,
1082 2624 1162 2687 quos
1186 2606 1279 2670 detu-

53 2708 171 2787 lerant,
196 2708 481 2789 consequebantur.
527 2707 591 2772 Alii
619 2708 744 2788 dicunt,
776 2708 1051 2794 quadruplatores
1075 2725 1145 2772 esse
1169 2724 1279 2772 eorum

54 2828 183 2874 reorum
212 2814 429 2890 accusatores,
454 2812 508 2890 qui
536 2809 673 2874 convicti
701 2810 876 2890 quadrupli
905 2809 1049 2888 damnari
1076 2809 1213 2887 soleant,
1241 2813 1279 2871 ut

54 2913 147 2976 aleae
170 2919 227 2975 aut
250 2912 403 2992 pecuniae
427 2912 631 2994 gravioribus
654 2912 761 2978 usuris
783 2909 973 2976 feneratae.²
1016 2910 1095 2992 (110)

143 3013 159 3095 ᾗ
181 3012 231 3076 33.
254 3013 454 3095 Manoipes
481 3019 556 3078 sunt
586 3013 832 3095 publicanorum
856 3013 1031 3093 principes,
1063 3011 1200 3076 Romani
1222 3011 1278 3076 bo·

54 3117 172 3196 mineS,
205 3117 259 3197 qui
284 3121 439 3198 quaestus
462 3117 512 3181 sni
535 3134 632 3181 causa
664 3116 689 3180 si
718 3116 869 3180 decumas
896 3114 1071 3194 redimunt,
1103 3111 1279 3194 (dacomarii

54 3218 283 3302 appellantem)
302 3220 468 3299 sipontum
484 3223 542 3283 aut
553 3235 673 3298 pascua
685 3217 822 3298 publica,
840 3216 1015 3297 portitores
1034 3220 1092 3280 aut
1106 3214 1278 3294 pascuarii,

54 3340 192 3402 quorum
217 3323 302 3386 ratio
326 3322 488 3401 scriptura
519 3320 646 3385 dicitur.
691 3319 734 3382 Hi
761 3320 845 3384 enim
874 3317 1031 3398 exigenda
1059 3335 1078 3381 a
1105 3316 1198 3382 sociis
1220 3334 1278 3380 suo
1320 3383 1323 3389 ,

54 3422 198 3504 periculo
222 3424 356 3504 exigunt
378 3428 411 3487 et
433 3423 481 3487 rei
503 3422 652 3504 publicae
675 3425 933 3501 repraesentant,
956 3420 1161 3500 providentes
1181 3418 1278 3482 etiam

55 3525 88 3588 in
118 3524 173 3587 illa
196 3525 415 3605 redemptione
439 3525 613 3590 commodis
645 3523 734 3588 suis.l
777 3522 868 3587 Licet
900 3527 1023 3600 autem,
1055 3521 1083 3586 si
1112 3521 1280 3585 moderate

58 3762 248 3813 -nunquam
268 3745 319 3798 sibi
338 3743 521 3812 cognationem
539 3758 599 3795 cum
618 3742 732 3812 praediis
749 3757 805 3795 esse
823 3740 988 3794 existimavit
1005 3740 1076 3794 snis'.
1095 3739 1133 3813 (ll.
1152 3738 1280 3806 Rudorff,

54 3837 120 3885 rom.
142 3830 245 3885 Feldm.
265 3834 292 3897 2,
309 3833 370 3884 303.
408 3826 563 3897 Sebwcpler,
581 3832 646 3881 crim.
666 3826 756 3882 Geacb.
775 3830 802 3887 2,
821 3829 879 3879 445.

128 3917 153 3983 1)
172 3916 211 3971 cf.
230 3916 385 3982 Momrasca,
404 3914 522 3969 Stcctcr.
540 3917 567 3979 2,
585 3915 636 3967 377
653 3929 679 3965 a.
689 3916 715 3967 2.
736 3941 767 3950 „
785 3912 862 3977 stef.
877 3910 999 3966 Pa-Ace.
1017 3911 1048 3963 ia
1062 3909 1134 3966 Verr.
1151 3912 1179 3973 2,
1196 3911 1224 3971 2,
1232 3911 1277 3961 21.

50 4019 80 4071 p.
99 4004 170 4055 208:
198 3999 443 4068 ‘Quadruplatorca
466 4001 630 4052 accusatores
651 3998 708 4051 sive
732 3996 866 4050 delatores
889 3995 1029 4048 criminum
1046 3992 1209 4062 publicorum
1227 3990 1280 4046 sub

55 4101 144 4154 poena
163 4084 313 4153 quadrupli,
331 4085 385 4138 sive
403 4083 471 4152 quod
489 4083 541 4151 ipsi
556 4099 587 4136 ex
596 4081 781 4135 damnatorum
790 4080 864 4134 bonis
875 4096 939 4149 quos
948 4082 1144 4141 accusaverant,
1155 4080 1279 4145 quartam

56 4174 161 4238 partem
171 4168 415 4237 consequebantur.
435 4167 522 4222 Sobel.
534 4165 650 4221 Gronov.
661 4183 702 4235 ap.
714 4165 758 4221 Or.
773 4183 802 4235 p,
813 4169 872 4228 431,
881 4182 904 4220 o.
914 4168 966 4219 25:
984 4163 1039 4217 ‘hoc
1058 4161 1279 4230 quadruplationc

55 4257 162 4320 iecerit3
181 4270 242 4307 nam
261 4255 283 4307 si
297 4257 447 4308 accusasset
456 4253 552 4321 aliquis
562 4268 636 4311 reum
654 4254 681 4304 et
699 4251 948 4319 vicisset,quartam
966 4251 1070 4316 partem
1083 4245 1277 4300 bonorumeins

56 4340 221 4409 accipiebat.
257 4339 375 4394 Plautus
393 4338 486 4404 Parca,
500 4343 524 4402 1,
539 4342 566 4402 2,
578 4341 621 4392 10.
644 4336 720 4390 Teuc.
739 4339 763 4400 4,
779 4338 805 4399 2,
823 4337 864 4388 49.
900 4332 985 4387 ZRG.
1004 4333 1124 4397 12,137.
1142 4359 1176 4370 -
1193 4329 1219 4398 3)
1237 4329 1278 4383 De

56 4422 221 4492 mancipibus
239 4423 272 4478 cf.
290 4424 360 4478 infra
374 4440 403 4492 p.
421 4427 474 4477 307
1023 4503 1071 4557 19*
