2916 4860
562 401 646 469 Leges
665 400 718 454 XII
737 397 896 454 tabularum.
1305 401 1345 466 33

113 575 244 639 tabulis
264 575 344 639 duas
363 573 567 652 addiderunt,
588 574 627 637 de
645 573 919 638 intercalando
938 566 1251 653 populum'rogasse.
1270 572 1346 638 Cas-

114 679 187 740 sius
212 676 340 740 eosdem
364 676 475 739 scribit
496 677 672 740 auctores.¹

205 776 236 841 3.
262 777 324 842 011.
341 777 395 856 (od
412 779 518 855 Arca,
529 783 557 855 1,
570 778 616 859 8);
638 778 793 858 liquibus
804 778 909 858 (libris
919 777 958 840 de
967 778 1046 858 rep.)
1059 795 1158 840 unum
1171 774 1345 861 ἱστορικὸν

112 881 260 962 requiris
283 880 322 943 de
346 878 400 942 Cn.
424 879 546 958 Flavia
570 881 607 943 Α.
630 879 649 944 f.
676 881 734 944 Ille
762 898 836 944 vero
863 884 938 942 ante
967 878 1083 942 Xuiros
1113 898 1174 943 non
1203 878 1272 944 fuit.
1304 916 1343 926 -

112 981 202 1058 Quid
226 999 303 1062 ergo
327 980 475 1061 profecit,
500 982 583 1062 quod
606 982 743 1061 protulit
761 980 860 1044 fastos
870 981 884 1042 ¹?
910 979 1114 1045 Occultatam
1130 986 1247 1061 putant
1267 1001 1342 1063 quo

114 1087 194 1149 dam
219 1091 365 1163 tempore
387 1085 484 1147 istam
502 1084 663 1162 tabulam,
687 1089 724 1147 ut
747 1084 816 1147 dies
838 1083 954 1163 agendi
967 1088 1156 1162 peterentur
1172 1103 1190 1147 a
1206 1086 1344 1164 paucis²

597 1278 768 1344 TABULA
791 1278 863 1342 XII.
905 1279 909 1285 ’

204 1426 231 1489 l.
250 1424 325 1488 Gai.
344 1424 387 1505 (4,
405 1425 474 1506 2dl:
492 1423 577 1504 Lege
589 1424 802 1498 ,introducta
821 1429 870 1487 est
889 1424 1032 1505 pignoris
1048 1424 1149 1504 capio,
1167 1424 1255 1488 velut
1272 1426 1343 1506 lege

114 1527 180 1591 XII
205 1528 271 1591 tab.
291 1527 445 1590 adversus
465 1544 546 1604 eum,
568 1528 621 1607 qui
641 1526 779 1591 hostiam
795 1527 928 1590 emisset
946 1543 1005 1589 nec
1023 1515 1163 1605 pretium
1177 1527 1341 1605 redderet,
1374 1582 1377 1589 .

113 1631 194 1693 item
219 1629 375 1692 adversus
395 1646 476 1707 eum,
502 1629 755 1708 quimercedem
777 1646 841 1692 non
868 1628 1019 1692 redderet
1041 1647 1099 1708 pro
1128 1646 1164 1692 eo
1188 1629 1341 1707 iumento,

113 1732 201 1812 quod
225 1731 298 1811 quis
317 1731 389 1793 ideo
411 1730 559 1808 locasset,
587 1736 624 1794 ut
643 1729 717 1794 inde
740 1731 908 1809 pecuniam
931 1736 1097 1810 acceptam
1115 1730 1147 1793 in
1172 1732 1296 1810 dapem,
1320 1732 1339 1795 1.

114 1853 142 1897 e.
168 1835 203 1896 in
227 1831 430 1911 sacrificium,
455 1832 664 1911 impenderet.

112 2003 188 2066 (diesi
208 2030 241 2036 -
260 2013 318 2068 post
336 2006 486 2054 vicesimum
504 2012 529 2054 et
546 2007 651 2055 tertium
670 2006 737 2054 diem
754 2007 810 2055 eius
824 2003 978 2062 (Februariil
997 2005 1191 2068 intercalabant,
1209 2006 1341 2056 Termina-

111 2082 182 2130 libus
203 2082 259 2129 scil.
278 2081 331 2129 iam
349 2082 472 2145 peractis;
492 2082 583 2131 deinde
601 2083 713 2147 reliquos
731 2083 868 2131 Februarii
887 2083 982 2131 mensis
1001 2083 1066 2144 dies,
1084 2083 1129 2147 qui
1148 2091 1219 2132 erant
1233 2079 1265 2142 V,
1283 2092 1341 2147 post

112 2161 337 2210 intercalationem
355 2155 557 2223 subiungebant’.
597 2155 670 2207 Gaas.
691 2155 725 2218 (d.
744 2161 800 2207 aad.
818 2159 864 2222 20,
883 2158 923 2215 6).-
941 2156 1005 2208 ‘cum
1021 2160 1212 2208 intercalarium
1227 2177 1339 2209 mensem

111 2235 145 2286 22
164 2247 190 2288 et
208 2235 242 2287 23
261 2238 359 2286 dierum
378 2238 482 2286 alternis
495 2239 571 2286 annis
586 2238 644 2287 addi
661 2238 808 2301 placuisset,
828 2263 858 2270 -
879 2239 906 2285 in
924 2253 1008 2284 mense
1017 2236 1182 2300 potissimum
1199 2238 1340 2286 Februario

112 2315 180 2364 inter
199 2314 358 2363 Terminalia
380 2324 404 2364 et
421 2314 591 2378 Regifugium
614 2315 792 2365 intercalatum
816 2309 868 2364 est'.
908 2309 1000 2363 Celsus
1021 2309 1075 2379 clip.
1094 2310 1139 2374 (D.
1158 2314 1201 2378 50,
1220 2313 1262 2378 16,
1280 2314 1341 2373 dal:

112 2387 184 2440 ‘Cato
203 2399 285 2455 putat,
304 2406 415 2439 mensem
433 2391 610 2440 intercalarem
634 2391 787 2440 addidicium
811 2408 876 2449 esse;
905 2409 1040 2457 omnesque
1063 2394 1118 2441 eius
1142 2393 1195 2442 dies
1218 2409 1263 2456 pro
1287 2409 1341 2440 mo·

111 2477 197 2518 mento
222 2469 343 2533 temporis
367 2469 482 2518 observat
504 2475 664 2531 extremoque
688 2468 740 2516 diei
765 2470 859 2517 mensis
877 2470 1014 2519 Februarii
1033 2470 1153 2519 attribuit
1172 2469 1201 2524 Q.
1220 2464 1339 2518 Mucius’.

112 2546 148 2596 cf.
167 2541 327 2608 Mommsen,
347 2539 601 2592 Chroaol.18-40.
621 2539 755 2605 Huschke,
773 2545 837 2593 rom.
857 2539 935 2594 Stati.
955 2547 980 2608 1,
997 2545 1108 2597 54-60.

179 2618 204 2670 3.
224 2622 260 2671 cf.
281 2615 334 2670 Cic.
355 2617 392 2684 (p.
412 2616 486 2668 Mur.
505 2621 561 2672 rit:
590 2615 688 2669 ‘Posset
706 2621 749 2684 agi
771 2622 827 2684 lege
851 2638 942 2685 necne,
965 2623 1042 2686 pauci
1066 2623 1193 2687 quondam
1211 2623 1338 2685 sciebant;

111 2700 190 2750 fastos
213 2701 283 2748 enim
306 2700 383 2762 vulgo
406 2715 457 2747 non
484 2699 618 2748 habebant.
654 2701 736 2748 Erant
758 2700 787 2747 in
806 2715 899 2764 magna
916 2701 1046 2763 potentia,
1069 2699 1113 2764 qui
1136 2699 1339 2762 consulebantur,

112 2793 127 2824 1
143 2777 239 2842 quibus
258 2776 336 2825 etiam
359 2776 413 2823 dies
439 2783 569 2839 tamquam
592 2791 606 2823 a
631 2776 767 2824 Chaldaeis
789 2777 945 2839 petebantur.
982 2775 1102 2824 Inventus
1125 2784 1161 2825 est
1179 2776 1263 2824 scriba
1281 2775 1338 2838 qui-

112 2854 181 2915 dam,
207 2853 252 2901 Cn.
270 2853 390 2914 Flavius,
413 2853 456 2916 qui
480 2852 610 2900 cornicum
632 2853 718 2901 oculos
741 2854 875 2902 confixerit
898 2863 922 2902 et
945 2853 1056 2916 singulis
1080 2853 1167 2901 diebus
1191 2850 1338 2900 ediscendos

111 2930 188 2979 fastos
213 2930 308 2993 populo
330 2924 508 2993 proposuerit'.
545 2924 619 2977 Plc'rc.
639 2930 674 2988 (a.
693 2925 718 2978 b.
737 2929 778 2990 33,
801 2928 900 2992 1‚17):
927 2927 987 2979 ‘Hie
1012 2928 1065 2991 (Cn.
1090 2927 1173 2986 Flac.)
1196 2926 1337 2991 publicatis

111 3006 200 3055 diebus
223 3005 306 3067 fastis,
331 3022 392 3070 quos
410 3006 520 3070 populus
544 3022 557 3053 a
576 3007 665 3069 paucis
689 3007 837 3070 principum
860 3008 975 3071 quotidie
998 3002 1117 3072 petebat’,
1140 3008 1185 3054 etc.
1221 2999 1282 3052 Lau.
1302 2998 1311 3062 (
1329 3041 1336 3065 ,

111 3082 163 3140 46):
184 3078 300 3131 ‘Flavius
318 3106 350 3113 —
370 3081 447 3131 civile
464 3083 514 3144 ius,
532 3083 672 3146 repositum
688 3085 717 3131 in
734 3084 908 3147 penetralibus
917 3085 1084 3147 pontificum,
1104 3081 1234 3146 evulgavit
1248 3080 1336 3128 fastos-

112 3176 157 3224 que
175 3160 245 3208 ciroa
262 3158 345 3207 forum
363 3158 393 3206 in
410 3159 467 3207 albo
485 3160 628 3223 proposuit,
653 3168 689 3223 ut,
713 3161 813 3225 quando
834 3161 891 3224 lege
909 3161 954 3224 agi
969 3169 1062 3225 posset,
1086 3152 1209 3208 sciretur'.
1246 3151 1336 3206 Macr.

112 3236 169 3296 (adt.
187 3236 213 3298 1,
231 3235 289 3295 15):
307 3232 413 3284 ‘Priscis
432 3253 491 3299 ergo
509 3236 676 3299 temporibus,
695 3245 830 3300 antequam
848 3236 910 3284 fasti
929 3253 942 3284 a
962 3236 1006 3286 Cn.
1025 3236 1117 3284 Flavio
1140 3233 1224 3282 scriba
1241 3231 1335 3281 invitis

111 3314 227 3378 patribus
244 3315 274 3361 in
293 3314 407 3361 omnium
426 3313 546 3362 notitiam
568 3307 751 3377 proderentur',
769 3315 815 3362 etc.
852 3308 909 3360 Vol.
928 3312 955 3374 2,
973 3312 998 3375 5,
1016 3312 1042 3361 2.
1078 3307 1161 3360 Diod.
1178 3311 1224 3374 20,
1242 3309 1285 3359 36.

177 3389 237 3438 mr.
257 3387 281 3438 1.
301 3389 338 3439 cf.
359 3384 430 3438 aaa.
450 3390 528 3454 napa.
546 3384 582 3438 D.
603 3390 705 3453 50,16‚
725 3391 788 3453 aaa,
807 3391 833 3439 2.

114 3492 314 3500 w

177 3539 202 3602 1)
222 3539 299 3591 Hunc
322 3538 409 3590 locnm
432 3555 447 3590 a
471 3537 548 3591 Gora.
573 3542 600 3592 et
623 3539 703 3592 Darlc.
725 3541 854 3592 reiectum
875 3539 1020 3592 vindicavit
1048 3539 1108 3591 huic
1137 3538 1246 3592 tabulae
1278 3538 1334 3591 Mo.

111 3622 217 3685 (Cicron.
236 3627 278 3675 31.
297 3626 366 3688 210,-
386 3622 412 3675 0.
432 3622 457 3676 J.
476 3628 500 3685 1,
518 3626 589 3690 361).
607 3653 641 3661 —
659 3624 685 3687 2)
703 3623 760 3676 Hoc
783 3625 837 3677 loco
864 3625 933 3678 effici
955 3623 1074 3685 videtur,
1102 3623 1157 3676 dies
1184 3624 1267 3677 fastos
1281 3623 1334 3675 ΧΗ

110 3707 211 3760 tabulis
230 3707 393 3760 constitutos
416 3723 480 3759 esse.
499 3708 556 3760 Mo.
576 3707 686 3775 (Obroa.
701 3713 742 3761 31.
756 3713 825 3775 210;
840 3709 903 3764 OJ.
914 3712 974 3776 361)
992 3712 1081 3776 putat,
1098 3709 1219 3763 tabulam
1237 3709 1334 3761 ‘istam'

110 3792 146 3845 nil
163 3793 237 3846 aliud
257 3793 430 3858 continuisse,
448 3792 500 3844 nisi
519 3793 587 3860 quod
605 3810 652 3845 nos
669 3793 850 3846 calendarium
863 3811 999 3857 vocamus,
1018 3794 1131 3847 adiectis
1154 3793 1257 3846 dierum
1281 3792 1333 3846 fas-

110 3878 194 3930 torum
214 3878 433 3943 nefastorumque
452 3879 535 3939 notis3
556 3878 681 3930 nimirum
704 3880 776 3945 regis
789 3879 893 3931 Numae
911 3879 1032 3932 tabulam
1051 3878 1188 3942 fastorum,
1207 3896 1237 3931 ex
1255 3894 1332 3945 pene-

111 3963 222 4016 tralibus
250 3962 406 4029 pontificum
428 3963 573 4030 prolatam,
603 3963 657 4015 XII
679 3964 780 4017 tabulis
808 3965 936 4017 insertam
968 3981 1106 4032 rursusque
1129 3981 1145 4016 a
1168 3965 1216 4016 Cn.
1240 3961 1333 4014 Flavio

110 4045 221 4112 editam,¹
235 4046 441 4100 fundamentum
459 4047 541 4100 fuisse
561 4047 690 4101 fastorum
710 4050 808 4102 aetatis
826 4050 972 4117 Augustae.
1009 4049 1094 4114 Quam
1112 4047 1275 4101 sententiam
1294 4063 1334 4098 se-

110 4135 183 4185 cutus
203 4132 265 4187 aaa.
285 4133 337 4198 (63.
357 4132 417 4196 165)
435 4149 488 4185 non
511 4133 649 4187 dubitavit
677 4134 827 4186 mriversam
844 4134 899 4187 tab.
917 4134 955 4186 Xl
974 4134 1053 4188 fastis
1071 4135 1186 4201 explere,
1205 4134 1283 4198 prout
1302 4149 1332 4184 er

110 4216 184 4271 fastis
202 4218 320 4271 Iulianis
340 4219 450 4271 restitui
466 4220 584 4285 possunt.
613 4218 645 4270 Id
664 4218 732 4286 quod
750 4219 821 4272 iusto
838 4218 963 4272 audacius
982 4219 1047 4272 mihi
1066 4235 1121 4272 esse
1140 4217 1254 4283 videtur,
1273 4232 1331 4269 cum

109 4303 248 4370 scriptores
271 4318 350 4370 supra
374 4302 433 4356 citt.
456 4319 489 4355 ne
512 4302 592 4355 verbo
615 4302 721 4370 quidem
743 4303 876 4369 indicent,
898 4304 983 4357 fastos
1007 4304 1148 4366 Flavianos
1174 4301 1259 4354 eXII
1277 4302 1333 4355 tab.
1380 4344 1401 4374 ι.

110 4384 261 4454 desumptos
286 4402 356 4449 esse,
379 4385 488 4454 ideoque
506 4389 573 4442 certi
591 4388 736 4455 quidquam
755 4388 787 4442 de
810 4388 889 4442 fastis
906 4389 960 4442 XII
977 4389 1131 4443 tabularum
1152 4387 1257 4441 definiri
1281 4403 1332 4439 non
1351 4407 1369 4459 ·¹

109 4485 183 4536 posse
199 4472 361 4539 putaverim.
396 4471 689 4527 0111111119.
725 4477 757 4527 In
774 4474 826 4529 fine
844 4475 896 4528 XIl
915 4474 971 4528 tab.
989 4474 1071 4527 fastos
1090 4474 1181 4527 adieci.

159 4555 254 4607 Barrus,
265 4556 347 4596 Fontes
361 4556 422 4597 luris.
437 4557 495 4599 Edit.
510 4557 550 4600 111.
1134 4559 1154 4612 ξ),
