2916 4860
114 383 175 448 126
507 381 560 433 Lex
578 380 748 447 municipalis
767 378 937 433 Malacitana.

114 556 236 634 saeptis
260 552 449 637 suffragium
472 571 530 632 per
553 550 714 615 tabellam
745 550 860 615 ferant.
905 549 1051 630 Itemque
1078 552 1207 627 curato,
1235 553 1272 612 ut
1293 551 1330 613 ad

61 665 103 721 10.
115 655 244 737 eisitan
272 655 438 734 cuiiusque
471 653 578 717 curiae
610 671 648 715 ex
675 651 891 732 municipibus
918 649 922 734 Ι
947 651 1028 714 eiius
1062 651 1218 730 municipi
1253 651 1331 714 terni

114 759 193 836 sint,
214 757 268 837 qui
284 757 366 819 eiius
379 754 496 819 cubiae
513 773 577 818 non
596 755 674 832 sint,
694 755 748 835 qui
767 752 922 834 suffragia
941 753 1139 829 custodiant,
1164 752 1332 829 diribeant,

113 863 146 922 et
169 859 217 921 uti
237 861 311 920 ante
331 876 428 937 quam
447 857 480 920 id
503 854 625 920 faciant
648 857 793 937 quisque
817 873 927 918 eorum
952 854 1074 917 iurent:
1115 871 1148 916 se
1181 855 1332 937 rationem

30 946 32 950 Α
61 960 101 1014 15.
113 957 351 1040 ευΐΐῐαΙςίοῑωῃ
369 955 432 1021 fide
454 958 538 1020 bona
556 956 743 1020 habiturum
762 952 1022 1035 relaturumffque.
1057 953 1146 1018 Neve
1165 953 1333 1034 prohibito,

113 1059 201 1141 q(uo)
224 1057 355 1139 m(inus)
383 1063 415 1122 et
443 1059 496 1139 qui
524 1057 685 1139 honossrem
715 1061 828 1137 petent
859 1056 1003 1136 singulos
1035 1056 1185 1121 custodes
1210 1057 1252 1120 ad
1274 1056 1333 1119 sin-

113 1160 215 1243 guhas
238 1161 337 1224 cistas
359 1166 491 1240 ponant.
535 1159 625 1238 lique
651 1159 800 1223 custodes
824 1158 917 1221 abeo
938 1155 942 1241 Ι
963 1157 1018 1237 qui
1042 1156 1172 1220 comitia
1194 1156 1331 1233 habebit,

60 1265 101 1319 20.
113 1263 190 1325 item
223 1260 263 1325 ab
291 1260 340 1324 his
373 1260 471 1341 positi
495 1260 505 1344 ΙΙ
528 1261 582 1341 qui
615 1260 767 1324 honorem
791 1265 920 1340 petent,
948 1259 987 1322 in·
1004 1278 1043 1322 ea
1076 1259 1166 1322 curia
1193 1258 1332 1341 quisfquc

113 1381 221 1426 eorum
245 1359 444 1442 suffragium¹
475 1359 568 1441 ferto,
601 1363 642 1425 ad
666 1362 768 1425 cuiius
792 1359 911 1442 cutriae
936 1361 1051 1425 cistam
1075 1366 1183 1424 custos
1214 1361 1332 1440 positus

71 1502 79 1511 —
113 1464 193 1542 erit,
227 1461 408 1545 eorumique
442 1461 597 1543 suffragia
629 1463 763 1542 perinde
795 1463 882 1526 iusta
913 1469 1052 1543 rataeque
1075 1460 1177 1545 sunssto
1197 1481 1236 1526 ac
1259 1462 1284 1525 si
1305 1463 1333 1525 in

29 1590 32 1596 ·
61 1569 173 1629 thasus
197 1565 334 1644 quisque
358 1565 448 1628 curia
471 1562 658 1645 suffragium
674 1562 685 1645 ΙΙ
702 1564 839 1628 tulisset.

155 1761 192 1824 R.
233 1759 330 1836 Quid
353 1760 397 1823 de
420 1759 480 1823 his
503 1758 597 1823 fieri
620 1763 820 1838 oporteat,
841 1759 904 1840 qui
929 1755 934 1841 Ι
960 1756 1252 1838 suffragiorum
1274 1777 1331 1821 nu-

232 1879 337 1925 mero
360 1879 473 1940 pares
496 1866 617 1924 erunt.
640 1859 644 1941 Ι
895 1870 899 1876 “

195 1988 276 2053 LVI.
315 1988 347 2051 Is
377 1988 433 2068 qui
459 2006 497 2051 ea
521 1987 651 2051 comitia
675 1987 821 2066 habebit,
846 1987 894 2050 uti
919 1987 1054 2072 quisque
1078 1987 1188 2051 curiae
1209 1986 1214 2071 Ι
1235 1988 1330 2051 cuiius

113 2091 325 2170 pluraquam
350 2088 406 2152 alii
429 2086 584 2168 suffragia
607 2087 784 2169 habuerit,
816 2088 863 2151 ita
885 2088 1025 2168 priorem
1048 2089 1164 2153 ceteris
1189 2108 1260 2154 eum
1282 2107 1332 2169 pro

62 2201 104 2253 30.
116 2210 152 2254 ea
175 2192 265 2254 curia
282 2189 292 2271 ΙΙ
309 2187 429 2252 factum
454 2197 663 2271 creatumque
682 2208 751 2253 esse
768 2190 962 2270 renuntiato,
983 2187 988 2274 Ι
1008 2192 1108 2255 donec
1130 2191 1159 2254 is
1178 2209 1332 2268 numerus

115 2293 157 2356 ad
181 2309 275 2372 quem
299 2289 402 2354 creari
426 2291 609 2373 oportebit,
639 2291 786 2370 expletus
810 2291 862 2368 sit,
906 2290 977 2367 Quo
1004 2293 1036 2355 in
1060 2292 1151 2356 curia
1175 2290 1330 2372 totidem!

115 2391 269 2472 suffragia
293 2394 356 2456 duo
379 2393 528 2470 pluresve
550 2392 733 2470 habuerint,
757 2390 928 2475 matritum,
955 2394 1051 2475 quive
1068 2394 1260 2458 maritorum
1280 2413 1332 2457 nu·

63 2503 103 2557 35.
115 2511 203 2556 mero
226 2494 297 2571 erit,
316 2492 327 2575 ΙΙ
345 2494 462 2558 caelibi
491 2493 608 2557 liberos
638 2511 702 2556 non
733 2494 866 2557 habenti
895 2495 950 2575 qui
977 2494 1176 2575 maritorum
1207 2513 1333 2560 numero

114 2613 177 2658 non
200 2595 275 2672 erit3
299 2595 473 2659 habentem
488 2594 614 2659 liberos
633 2614 695 2658 non
718 2596 865 2674 habenti3
889 2597 998 2675 plures
1020 2596 1139 2661 liberos
1158 2598 1331 2678 habentem
1364 2587 1367 2594 ’

116 2697 281 2775 pauciores
312 2696 447 2760 habenti
478 2695 640 2777 praeferto
671 2697 883 2778 prioremque
921 2699 1071 2762 nuntiato
1102 2700 1165 2773 ita,
1204 2704 1241 2764 ut
1270 2697 1330 2762 bini

62 2799 208 2862 40.liberi
236 2802 309 2878 post
338 2795 461 2882 nolimen
491 2800 667 2879 inpositum
694 2804 752 2863 aut
780 2800 1064 2880 singulipuberes
1091 2801 1212 2884 amis}si
1240 2801 1330 2864 vinive

114 2904 262 2979 potentes
298 2902 438 2964 amissae
467 2918 525 2980 pro
557 2901 692 2980 singulis
712 2901 716 2984 Ι
737 2901 914 2980 sospitibus
945 2907 1166 2966 numerentur.
1211 2901 1245 2966 Si
1275 2903 1330 2967 dno

116 3001 263 3080 pluresve
298 3000 443 3083 totidem
484 3000 634 3081 suffragia
672 3001 838 3066 habebunt
879 3008 913 3066 et
949 3003 1101 3067 eiinsdem
1121 3001 1126 3086 Ι
1145 3003 1329 3070 condicionis

63 3113 105 3166 45.
117 3108 223 3180 erunt,
254 3105 382 3167 nomina
415 3121 523 3166 eorum
555 3103 735 3184 indisertem
763 3105 891 3182 coicito,
916 3111 949 3167 et
975 3105 1024 3168 uti
1047 3105 1204 3186 cuiusque
1225 3120 1328 3170 nomen

114 3206 200 3287 soriti
224 3206 357 3269 ductum
381 3205 452 3283 erit,
475 3205 522 3267 ita
544 3223 617 3268 eum
640 3206 779 3284 priorem
803 3206 863 3269 alis
885 3204 1085 3270 renuntiato.

156 3399 193 3462 R.
215 3400 267 3463 De
291 3401 500 3464 sortitione
523 3399 718 3464 curiarum
742 3404 779 3463 et
801 3400 849 3479 is,
873 3399 937 3480 qui
956 3399 1164 3480 cuiriarum
1182 3414 1325 3465 numero

221 3518 334 3579 pares
357 3505 480 3564 erunt.
500 3498 505 3583 Ι

146 3696 148 3701 ⁴
198 3624 296 3690 LVII.
321 3625 383 3702 Qui
412 3627 540 3691 comitia
562 3626 652 3708 htac)
678 3626 776 3708 hege)
799 3626 947 3705 habebit,
971 3628 998 3691 is
1020 3628 1132 3692 relatis
1156 3629 1291 3695 omniun
1311 3621 1320 3703 Ι

62 3727 274 3791 nucerianum
298 3727 419 3791 tabulis
440 3728 570 3792 nomina
593 3728 755 3792 curiarum
777 3728 809 3790 in
828 3725 955 3809 sonitem
975 3729 1099 3808 minito,
1123 3729 1325 3810 singularum·

115 3847 176 3910 que
204 3829 365 3894 curiarum
391 3825 528 3912 nolmina
555 3834 640 3893 sorte
664 3829 788 3908 ducito,
816 3834 849 3892 ct
879 3832 916 3891 ut
939 3829 1106 3912 cuiiusque
1131 3831 1240 3896 curiae
1257 3833 1262 3913 Ι
1279 3844 1324 3892 no

114 3948 188 3993 rnen
214 3935 298 3994 sorte
321 3929 448 4011 exierit,
478 3949 556 4011 quos
586 3949 625 3995 ea
648 3932 739 3995 curia
762 3928 884 4009 fecerit,
905 3929 909 4012 Ι
928 3931 1132 4010 pronuntiari
1155 3933 1278 4010 iubeto;
1297 3929 1324 3991 et

63 4040 104 4094 55.
116 4032 163 4094 uti
186 4032 319 4112 quisque
346 4031 434 4111 prior
451 4030 461 4113 ΙΙ
477 4033 630 4095 maiorem
659 4036 786 4112 partem
813 4032 939 4096 numeri
963 4032 1125 4096 curiorum
1148 4028 1323 4119 coniiecerit,

115 4150 201 4212 eum,
225 4152 297 4198 cum
318 4132 404 4213 (hac)
427 4132 525 4214 hege)
547 4133 705 4197 iuraverit
729 4129 923 4216 caventique
947 4134 987 4198 de
1009 4135 1146 4213 pecunia
1168 4127 1323 4204 communi,

114 4231 236 4298 facturn
259 4231 478 4318 creaitumque
500 4236 698 4313 renuntiato,
727 4235 827 4298 donec
850 4239 899 4298 tot
921 4235 1142 4319 magistr'oitus
1166 4237 1229 4301 sint
1250 4226 1322 4314 quod

185 4436 211 4497 1)
230 4432 382 4504 ‘suffragic’.
