2916 4860
731 343 884 411 Scriptores.

519 548 593 613 IIII.
637 547 1089 613 6661661116666166.

279 723 305 785 Ε
329 721 444 786 libris
469 721 512 783 de
536 718 813 799 compendiosa
838 719 1027 782 doctrina
1055 719 1338 797 pe1·litteras.¹

192 857 370 936 Accensi,
395 856 449 937 qui
468 855 518 918 his
537 851 792 933 (decurionibus)
804 852 1065 933 accensebantur,
1076 854 1096 917 i.
1108 871 1134 918 6.
1143 853 1405 920 adtribuebantur.

193 959 296 1024 Varro
320 960 359 1022 de
383 959 452 1021 6116
475 976 506 1037 p.
531 957 567 1019 R.
592 975 648 1018 -ι
672 955 737 1035 ‘qui
762 955 801 1019 de
824 955 1022 1035 ascriptivis,
1048 973 1118 1019 cum
1143 959 1241 1019 erant
1263 957 1407 1022 adtributi

194 1061 430 1137 decurionibus,
448 1095 491 1104 —
510 1058 635 1122 accensi
658 1055 881 1121 vocabantur’
903 1059 974 1121 356.
1005 1057 1140 1120 Accensi
1160 1074 1264 1137 genus
1287 1059 1406 1123 militiae

192 1166 242 1226 est
265 1158 568 1226 administrantibus
590 1159 781 1239 proximum.
819 1157 925 1221 Varro
947 1157 1067 1222 rhetor.
1088 1159 1143 1223 lib.
1167 1159 1244 1222 XX:
1269 1152 1327 1238 ι61,
1349 1179 1406 1224 666-

193 1265 278 1329 66166
301 1281 338 1327 66
361 1267 528 1343 praetorcs
551 1261 607 1342 qui
630 1265 784 1324 secuntur
806 1260 839 1325 in
862 1265 980 1340 castra,
1004 1260 1130 1324 accensi
1155 1261 1247 1340 dicti,
1272 1263 1357 1344 quod
1375 1263 1406 1325 ad

191 1365 392 1430 necessarias
414 1382 465 1427 res
489 1363 615 1443 saepius
635 1363 809 1442 acciuntur,
833 1363 923 1426 velut
942 1362 1102 1441 accersiti,
1127 1379 1208 1442 quos
1227 1381 1316 1428 nunc
1342 1364 1405 1428 dici·

191 1485 262 1530 nius
286 1463 462 1547 ‘deputati'
485 1469 536 1527 41.

194 1569 336 1632 Arcera
353 1566 534 1647 plaustrum
550 1570 600 1629 est
614 1564 783 1642 rusticum,
796 1569 919 1629 tectum
934 1564 1077 1645 undique
1092 1567 1186 1646 quasi
1202 1585 1291 1632 arca.
1301 1604 1342 1656 ε
1352 1569 1405 1632 Η66

192 1677 300 1734 autem
315 1667 455 1732 vehiculi
478 1685 595 1748 genere
611 1684 703 1730 senes
721 1672 753 1729 et
772 1667 896 1747 aegroti
910 1667 1034 1730 vectari
1049 1668 1162 1731 solent.
1173 1667 1262 1749 (ΧΠ.
1277 1680 1303 1728 1.
1317 1673 1352 1750 3.)
1365 1673 1406 1732 38.

193 1772 374 1850 Baetere,
399 1771 418 1834 i.
443 1787 468 1832 6.
492 1769 548 1832 ire.
567 1767 729 1833 176166-
745 1767 822 1849 περὶ
844 1766 1075 1842 coadunatae:
1103 1767 1225 1833 ‘annos'
1250 1782 1299 1830 ete·
1324 1769 1406 1853 (cupra

191 1874 366 1950 619663.)
411 1875 459 1935 55.

193 1974 377 2039 Calvitur
405 1969 861 2048 (1161661661166616166,-
885 1991 905 2035 a
932 1970 1031 2034 661616
1062 1971 1214 2051 mimicis,
1248 1975 1336 2056 quod
1356 1976 1406 2038 sint

191 2076 339 2142 omnibus
356 2074 540 2139 frustratui.
558 2109 602 2119 -
619 2073 763 2137 Lucilius
778 2093 834 2136 —:
853 2073 888 2136 ‘si
907 2091 969 2136 non
988 2072 1028 2150 it,
1048 2073 1166 2153 capito,
1191 2074 1311 2156 inquit,
1334 2095 1406 2152 eum;

192 2185 224 2242 et
248 2179 274 2242 si
294 2178 442 2255 calvitur,
466 2194 543 2257 ergo
562 2174 615 2239 fur
632 2174 816 2239 dominum'
840 2175 1136 2256 (666161666666669
1153 2181 1223 2235 cacto
1241 2184 1406 2249 foronianum

191 2302 226 2338 sc.
245 2280 355 2351 tacito?)
388 2282 418 2340 4.

193 2380 363 2456 Calcare,
396 2397 500 2460 agere.
536 2376 730 2465 AdraniuSa:
755 2379 897 2442 ‘causam
924 2379 1051 2442 coicere
1077 2378 1173 2442 hodie
1203 2381 1246 2444 ad
1276 2386 1310 2445 te
1339 2380 1405 2444 6616.

192 2480 326 2544 Ambon'
349 2480 493 2545 adestis?
516 2479 703 2559 profuturos
726 2478 885 2544 arbitror'
918 2479 1010 2561 (ΧΗ.
1020 2491 1045 2552 1,
1064 2480 1102 2562 7.)
1147 2484 1222 2546 183.

191 2584 366 2650 Fetiales
390 2620 431 2629 —
456 2584 560 2648 Varro
583 2585 623 2648 de
646 2584 714 2648 6116
737 2603 767 2664 p.
790 2583 827 2648 R.
850 2585 904 2649 lib.
927 2585 973 2648 II:
1006 2585 1131 2665 ‘ltaque
1153 2585 1243 2650 bella
1271 2593 1305 2651 61
1327 2575 1406 2650 tarde

192 2697 225 2750 et
247 2704 364 2767 magna
387 2685 518 2750 licentia
540 2685 757 2768 (dittpeurtor)
780 2686 1013 2766 suscipiebant,
1042 2687 1126 2768 quod
1149 2687 1275 2752 bellum
1298 2689 1406 2754 nullum

191 2789 253 2852 nisi
276 2788 364 2867 pium
388 2788 551 2868 putabant
568 2788 637 2869 geri
652 2792 816 2868 oportere3
839 2788 1028 2869 priusquam
1047 2787 1229 2852 indicerent
1248 2789 1365 2854 bellum
1378 2790 1407 2866 is,

193 2891 354 2970 aquibus
384 2888 521 2954 iniurias
547 2888 649 2953 factas
673 2888 829 2969 sciebant,
863 2888 990 2953 fetiales
1016 2889 1143 2970 legatos
1166 2909 1220 2956 res
1243 2893 1405 2972 repetitum

192 2993 367 3057 mittebant
400 2995 569 3071 quattuor,
600 3009 680 3071 quos
714 2996 859 3055 oratores
890 2989 1071 3054 vocabant?
1115 2991 1207 3056 Idem
1237 2993 1259 3057 1.
1283 2993 1343 3058 III:
1372 2990 1406 3054 ‘Si

192 3094 284 3157 cuius
301 3094 403 3175 legati
421 3093 532 3156 6161611
552 3097 666 3172 666661,
686 3093 792 3172 quiid
811 3090 972 3171 fecissent,
992 3092 1140 3173 quamvis
1157 3093 1286 3160 nobiles
1303 3098 1406 3167 essent,

193 3196 242 3259 uti
267 3196 463 3259 dederentur
486 3195 620 3272 civitati,
643 3199 840 3273 statuerunt,
863 3191 1054 3274 fetialesque
1075 3194 1204 3276 viginti,
1228 3197 1287 3278 qui
1309 3198 1347 3262 de
1367 3194 1408 3258 bis

191 3296 287 3360 rebus
301 3301 541 3377 ,cognoscerent
564 3295 745 3360 iudicarent
768 3300 802 3359 61
825 3301 1018 3375 statuerent,
1041 3297 1303 3364 constituerant?
1335 3299 1408 3382 (Fae

190 3421 212 3457 6.
251 3394 359 3477 Orare.)
405 3401 480 3461 362.

189 3499 366 3578 Iurgium
390 3499 493 3563 levior
515 3517 567 3563 res
590 3500 769 3577 est,tinter
786 3499 951 3564 benivolos
970 3504 1028 3564 661
1046 3501 1247 3582 propinquos
1267 3503 1409 3569 dissensio

190 3601 241 3664 661
273 3602 474 3665 concertatio
501 3622 557 3679 -3
581 3602 666 3666 inter
692 3601 837 3666 inimicos
868 3601 1023 3666 dissensio
1055 3600 1103 3666 lis
1134 3605 1333 3684 appellatur.
1374 3603 1409 3669 11.

191 3700 314 3765 Tullius
338 3703 377 3766 de
400 3721 468 3784 rep.
493 3704 513 3767 l.
537 3703 615 3767 IIII:
647 3703 798 3767 ‘admiror
824 3719 884 3766 nec
905 3719 1013 3766 rerum
1042 3703 1145 3766 solum
1168 3705 1228 3770 sed
1250 3707 1410 3772 verbomm

189 3804 288 3867 etiam
323 3803 532 3885 elegantiam:
566 3805 604 3868 ‘si
640 3804 795 3886 iurgant',
827 3805 934 3887 inquit
964 3802 1051 3885 (ΧΠ,
1069 3815 1095 3881 7,
1112 3805 1159 3888 5)‚·
1193 3807 1410 3874 benevolorum

190 3905 397 3982 concertatio,
421 3907 546 3970 666116
569 3907 780 3986 inimicorum,
804 3908 943 3988 iurgium
967 3907 1106 3973 dicitur.'
1134 3909 1179 3973 Et
1201 3910 1235 3973 in
1260 3909 1410 3993 sequenti:

191 4007 329 4088 ‘iurgare
352 4007 454 4088 igitur
475 4009 526 4073 lex
550 4013 647 4089 putat
669 4009 755 4074 inter
778 4027 812 4074 se
834 4010 965 4089 6161666,
987 4030 1051 4075 666
1073 4005 1228 4092 litigare?
1273 4017 1351 4078 292.

262 4145 284 4208 1)
305 4143 406 4196 Nonius
426 4143 634 4209 grammaticus,
658 4142 803 4196 Tubmsico
820 4143 848 4196 in
866 4143 993 4197 Numidia
1011 4145 1098 4210 ortus,
1121 4145 1227 4199 saeculo
1246 4146 1289 4200 111
1307 4146 1412 4201 floruisse

190 4226 308 4281 ridetur.
343 4227 415 4295 Opus
434 4227 502 4290 6166,
527 4227 592 4280 11661
615 4228 723 4295 ingenio
744 4227 885 4281 admodum
908 4229 1032 4283 mediocri
1057 4229 1094 4283 sit
1113 4231 1310 4299 conscriptum,
1332 4229 1412 4285 6116116

191 4310 282 4365 tamen
300 4315 419 4366 vetermn
439 4313 599 4380 scriptorum
617 4312 682 4365 locis
700 4312 770 4366 haud
790 4313 864 4381 parri
882 4314 958 4367 nobis
976 4316 1017 4367 est
1035 4314 1172 4368 momenti.
1192 4315 1409 4370 Novissimab'on.

192 4395 333 4450 ediderunt
344 4397 460 4450 Gerlach
479 4401 505 4450 et
516 4397 590 4450 Roth
600 4397 675 4459 1842,
694 4414 757 4466 quos
776 4399 804 4450 in
822 4399 955 4466 plerisque
966 4403 1072 4453 secutus
1091 4415 1150 4452 sum
1160 4400 1272 4468 paginis
1281 4399 1409 4454 6616616116
