<?xml version="1.0" encoding="UTF-8"?>
<!DOCTYPE html PUBLIC "-//W3C//DTD XHTML 1.0 Transitional//EN"
    "http://www.w3.org/TR/xhtml1/DTD/xhtml1-transitional.dtd">
<html xmlns="http://www.w3.org/1999/xhtml" xml:lang="en" lang="en">
 <head>
  <title>
</title>
<meta http-equiv="Content-Type" content="text/html;charset=utf-8" />
  <meta name='ocr-system' content='tesseract 3.04.00' />
  <meta name='ocr-capabilities' content='ocr_page ocr_carea ocr_par ocr_line ocrx_word'/>
</head>
<body>
  <div class='ocr_page' id='page_1' title='image "./fontesiurisroma01brungoog_0313.png"; bbox 0 0 2916 4860; ppageno 0'>
   <div class='ocr_carea' id='block_1_1' title="bbox 195 355 878 436">
    <p class='ocr_par' dir='ltr' id='par_1_1' title="bbox 195 355 878 436">
     <span class='ocr_line' id='line_1_1' title="bbox 195 355 878 436; baseline -0.016 -5"><span class='ocrx_word' id='word_1_1' title='bbox 195 366 259 431; x_wconf 75' lang='lat'>290</span> <span class='ocrx_word' id='word_1_2' title='bbox 725 355 878 436; x_wconf 79' lang='lat' dir='ltr'>Scriptores.</span> 
     </span>
    </p>
   </div>
   <div class='ocr_carea' id='block_1_2' title="bbox 194 536 1417 2860">
    <p class='ocr_par' dir='ltr' id='par_1_2' title="bbox 194 536 1417 1945">
     <span class='ocr_line' id='line_1_2' title="bbox 196 536 1417 625; baseline 0.006 -24"><span class='ocrx_word' id='word_1_3' title='bbox 196 537 270 602; x_wconf 89' lang='lat' dir='ltr'>trib.</span> <span class='ocrx_word' id='word_1_4' title='bbox 293 538 387 618; x_wconf 89' lang='lat' dir='ltr'>pleb,</span> <span class='ocrx_word' id='word_1_5' title='bbox 411 539 561 604; x_wconf 86' lang='lat' dir='ltr'>inventus</span> <span class='ocrx_word' id='word_1_6' title='bbox 584 541 664 617; x_wconf 88' lang='lat' dir='ltr'>erat,</span> <span class='ocrx_word' id='word_1_7' title='bbox 688 539 744 620; x_wconf 91' lang='lat' dir='ltr'>qui</span> <span class='ocrx_word' id='word_1_8' title='bbox 760 536 794 604; x_wconf 84' lang='lat' dir='ltr'>C.</span> <span class='ocrx_word' id='word_1_9' title='bbox 813 537 960 604; x_wconf 84' lang='lat' dir='ltr'>Cornelio</span> <span class='ocrx_word' id='word_1_10' title='bbox 979 538 1158 604; x_wconf 88' lang='lat' dir='ltr'>obsisteret.</span> <span class='ocrx_word' id='word_1_11' title='bbox 1204 541 1247 620; x_wconf 78' lang='lat' dir='ltr'>Io,</span> <span class='ocrx_word' id='word_1_12' title='bbox 1266 543 1323 606; x_wconf 93' lang='lat' dir='ltr'>ubi</span> <span class='ocrx_word' id='word_1_13' title='bbox 1341 543 1417 625; x_wconf 79' lang='lat' dir='ltr'>legis</span> 
     </span>
     <span class='ocr_line' id='line_1_3' title="bbox 196 638 1415 725; baseline 0.006 -22"><span class='ocrx_word' id='word_1_14' title='bbox 196 638 350 705; x_wconf 89' lang='lat' dir='ltr'>ferundae</span> <span class='ocrx_word' id='word_1_15' title='bbox 380 640 449 705; x_wconf 89' lang='lat' dir='ltr'>dies</span> <span class='ocrx_word' id='word_1_16' title='bbox 472 640 560 705; x_wconf 89' lang='lat' dir='ltr'>venit</span> <span class='ocrx_word' id='word_1_17' title='bbox 583 646 616 704; x_wconf 93' lang='lat' dir='ltr'>et</span> <span class='ocrx_word' id='word_1_18' title='bbox 638 643 754 720; x_wconf 86' lang='lat' dir='ltr'>praeco</span> <span class='ocrx_word' id='word_1_19' title='bbox 779 641 957 706; x_wconf 82' lang='lat' dir='ltr'>subiciente</span> <span class='ocrx_word' id='word_1_20' title='bbox 981 642 1086 706; x_wconf 91' lang='lat' dir='ltr'>scriba</span> <span class='ocrx_word' id='word_1_21' title='bbox 1109 644 1210 708; x_wconf 87' lang='lat' dir='ltr'>verba</span> <span class='ocrx_word' id='word_1_22' title='bbox 1233 644 1319 725; x_wconf 82' lang='lat' dir='ltr'>legis</span> <span class='ocrx_word' id='word_1_23' title='bbox 1343 647 1415 710; x_wconf 90' lang='lat' dir='ltr'>reci·</span> 
     </span>
     <span class='ocr_line' id='line_1_4' title="bbox 197 742 1415 825; baseline 0.004 -19"><span class='ocrx_word' id='word_1_24' title='bbox 197 748 265 807; x_wconf 86' lang='lat' dir='ltr'>tare</span> <span class='ocrx_word' id='word_1_25' title='bbox 288 743 405 823; x_wconf 94' lang='lat' dir='ltr'>populo</span> <span class='ocrx_word' id='word_1_26' title='bbox 429 743 544 823; x_wconf 85' lang='lat' dir='ltr'>coepit,</span> <span class='ocrx_word' id='word_1_27' title='bbox 565 746 600 805; x_wconf 89' lang='lat' dir='ltr'>et</span> <span class='ocrx_word' id='word_1_28' title='bbox 621 742 756 808; x_wconf 89' lang='lat' dir='ltr'>scribam</span> <span class='ocrx_word' id='word_1_29' title='bbox 781 743 927 808; x_wconf 91' lang='lat' dir='ltr'>subicere</span> <span class='ocrx_word' id='word_1_30' title='bbox 946 749 979 808; x_wconf 91' lang='lat' dir='ltr'>et</span> <span class='ocrx_word' id='word_1_31' title='bbox 998 761 1188 823; x_wconf 86' lang='lat' dir='ltr'>praeconem</span> <span class='ocrx_word' id='word_1_32' title='bbox 1206 742 1415 825; x_wconf 90' lang='lat' dir='ltr'>pronuntiare</span> 
     </span>
     <span class='ocr_line' id='line_1_5' title="bbox 196 841 1415 926; baseline 0.004 -18"><span class='ocrx_word' id='word_1_33' title='bbox 196 850 309 924; x_wconf 91' lang='lat' dir='ltr'>passus</span> <span class='ocrx_word' id='word_1_34' title='bbox 341 863 403 908; x_wconf 93' lang='lat' dir='ltr'>non</span> <span class='ocrx_word' id='word_1_35' title='bbox 434 847 492 908; x_wconf 88' lang='lat' dir='ltr'>est.</span> <span class='ocrx_word' id='word_1_36' title='bbox 543 843 623 906; x_wconf 88' lang='lat' dir='ltr'>Turn</span> <span class='ocrx_word' id='word_1_37' title='bbox 653 841 821 908; x_wconf 86' lang='lat' dir='ltr'>Cornelius</span> <span class='ocrx_word' id='word_1_38' title='bbox 848 845 917 926; x_wconf 91' lang='lat' dir='ltr'>ipse</span> <span class='ocrx_word' id='word_1_39' title='bbox 945 846 1085 910; x_wconf 84' lang='lat' dir='ltr'>codicem</span> <span class='ocrx_word' id='word_1_40' title='bbox 1113 847 1276 912; x_wconf 88' lang='lat' dir='ltr'>recitavit.</span> <span class='ocrx_word' id='word_1_41' title='bbox 1331 847 1415 925; x_wconf 85' lang='lat' dir='ltr'>Quod</span> 
     </span>
     <span class='ocr_line' id='line_1_6' title="bbox 196 943 1414 1033; baseline 0.003 -22"><span class='ocrx_word' id='word_1_42' title='bbox 196 964 267 1011; x_wconf 88' lang='lat' dir='ltr'>eum</span> <span class='ocrx_word' id='word_1_43' title='bbox 288 944 433 1026; x_wconf 85' lang='lat' dir='ltr'>improbe</span> <span class='ocrx_word' id='word_1_44' title='bbox 451 943 525 1009; x_wconf 81' lang='lat' dir='ltr'>&#39;fieri</span> <span class='ocrx_word' id='word_1_45' title='bbox 549 944 581 1010; x_wconf 87' lang='lat' dir='ltr'>C.</span> <span class='ocrx_word' id='word_1_46' title='bbox 600 944 672 1009; x_wconf 89' lang='lat' dir='ltr'>Piso</span> <span class='ocrx_word' id='word_1_47' title='bbox 696 947 806 1011; x_wconf 92' lang='lat' dir='ltr'>consul</span> <span class='ocrx_word' id='word_1_48' title='bbox 828 946 1034 1011; x_wconf 84' lang='lat' dir='ltr'>vehementer</span> <span class='ocrx_word' id='word_1_49' title='bbox 1057 955 1251 1028; x_wconf 87' lang='lat' dir='ltr'>quereretur</span> <span class='ocrx_word' id='word_1_50' title='bbox 1268 949 1414 1033; x_wconf 77' lang='lat' dir='ltr'>(toll-ique)</span> 
     </span>
     <span class='ocr_line' id='line_1_7' title="bbox 196 1048 1414 1133; baseline 0.003 -21"><span class='ocrx_word' id='word_1_51' title='bbox 196 1048 399 1113; x_wconf 87' lang='lat' dir='ltr'>tribuniciam</span> <span class='ocrx_word' id='word_1_52' title='bbox 427 1048 688 1112; x_wconf 81' lang='lat' dir='ltr'>intercessionem</span> <span class='ocrx_word' id='word_1_53' title='bbox 719 1048 853 1128; x_wconf 83' lang='lat' dir='ltr'>diceret,</span> <span class='ocrx_word' id='word_1_54' title='bbox 885 1049 977 1130; x_wconf 82' lang='lat' dir='ltr'>gravi</span> <span class='ocrx_word' id='word_1_55' title='bbox 1005 1050 1144 1114; x_wconf 90' lang='lat' dir='ltr'>convicio</span> <span class='ocrx_word' id='word_1_56' title='bbox 1172 1069 1191 1113; x_wconf 93' lang='lat' dir='ltr'>a</span> <span class='ocrx_word' id='word_1_57' title='bbox 1218 1053 1344 1133; x_wconf 90' lang='lat' dir='ltr'>populo</span> <span class='ocrx_word' id='word_1_58' title='bbox 1371 1071 1414 1116; x_wconf 85' lang='lat' dir='ltr'>er-</span> 
     </span>
     <span class='ocr_line' id='line_1_8' title="bbox 195 1149 1414 1230; baseline 0.003 -16"><span class='ocrx_word' id='word_1_59' title='bbox 195 1154 308 1230; x_wconf 90' lang='lat' dir='ltr'>ceptus</span> <span class='ocrx_word' id='word_1_60' title='bbox 332 1152 397 1227; x_wconf 88' lang='lat' dir='ltr'>est,</span> <span class='ocrx_word' id='word_1_61' title='bbox 424 1185 467 1192; x_wconf 91' lang='lat'>-</span> <span class='ocrx_word' id='word_1_62' title='bbox 489 1149 693 1230; x_wconf 84' lang='lat' dir='ltr'>lapidesque</span> <span class='ocrx_word' id='word_1_63' title='bbox 709 1150 807 1214; x_wconf 86' lang='lat' dir='ltr'>etiam</span> <span class='ocrx_word' id='word_1_64' title='bbox 831 1169 869 1215; x_wconf 88' lang='lat' dir='ltr'>ex</span> <span class='ocrx_word' id='word_1_65' title='bbox 893 1151 1008 1215; x_wconf 90' lang='lat' dir='ltr'>ultima</span> <span class='ocrx_word' id='word_1_66' title='bbox 1031 1153 1178 1216; x_wconf 90' lang='lat' dir='ltr'>contione</span> <span class='ocrx_word' id='word_1_67' title='bbox 1199 1153 1235 1216; x_wconf 90' lang='lat' dir='ltr'>in</span> <span class='ocrx_word' id='word_1_68' title='bbox 1259 1154 1414 1218; x_wconf 87' lang='lat' dir='ltr'>consulem</span> 
     </span>
     <span class='ocr_line' id='line_1_9' title="bbox 195 1243 1413 1334; baseline 0.002 -18"><span class='ocrx_word' id='word_1_69' title='bbox 195 1251 295 1330; x_wconf 86' lang='lat' dir='ltr'>iacti,¹</span> <span class='ocrx_word' id='word_1_70' title='bbox 317 1268 380 1332; x_wconf 91' lang='lat' dir='ltr'>quo</span> <span class='ocrx_word' id='word_1_71' title='bbox 410 1251 552 1314; x_wconf 86' lang='lat' dir='ltr'>tumultu</span> <span class='ocrx_word' id='word_1_72' title='bbox 583 1249 749 1316; x_wconf 84' lang='lat' dir='ltr'>Cornelius</span> <span class='ocrx_word' id='word_1_73' title='bbox 779 1243 992 1334; x_wconf 84' lang='lat' dir='ltr'>perturbatus</span> <span class='ocrx_word' id='word_1_74' title='bbox 1025 1254 1194 1318; x_wconf 90' lang='lat' dir='ltr'>concilium</span> <span class='ocrx_word' id='word_1_75' title='bbox 1226 1255 1413 1320; x_wconf 87' lang='lat' dir='ltr'>dimisit...</span> 
     </span>
     <span class='ocr_line' id='line_1_10' title="bbox 194 1353 1412 1441; baseline 0.003 -24"><span class='ocrx_word' id='word_1_76' title='bbox 194 1354 311 1418; x_wconf 91' lang='lat' dir='ltr'>Actum</span> <span class='ocrx_word' id='word_1_77' title='bbox 336 1353 450 1441; x_wconf 87' lang='lat' dir='ltr'>deinde</span> <span class='ocrx_word' id='word_1_78' title='bbox 477 1353 587 1418; x_wconf 90' lang='lat' dir='ltr'>eadem</span> <span class='ocrx_word' id='word_1_79' title='bbox 611 1353 650 1416; x_wconf 90' lang='lat' dir='ltr'>de</span> <span class='ocrx_word' id='word_1_80' title='bbox 674 1371 708 1416; x_wconf 88' lang='lat' dir='ltr'>re</span> <span class='ocrx_word' id='word_1_81' title='bbox 731 1354 763 1416; x_wconf 92' lang='lat' dir='ltr'>in</span> <span class='ocrx_word' id='word_1_82' title='bbox 786 1358 902 1418; x_wconf 88' lang='lat' dir='ltr'>senatu</span> <span class='ocrx_word' id='word_1_83' title='bbox 931 1359 977 1419; x_wconf 82' lang='lat' dir='ltr'>cst</span> <span class='ocrx_word' id='word_1_84' title='bbox 998 1355 1121 1437; x_wconf 77' lang='grc' dir='ltr'><strong><em>ιἰιοριιλε</em></strong></span> <span class='ocrx_word' id='word_1_85' title='bbox 1137 1355 1412 1422; x_wconf 81' lang='lat' dir='ltr'>contentionibus</span> 
     </span>
     <span class='ocr_line' id='line_1_11' title="bbox 194 1451 1412 1544; baseline 0.003 -26"><span class='ocrx_word' id='word_1_86' title='bbox 194 1454 276 1519; x_wconf 90' lang='lat' dir='ltr'>Tum</span> <span class='ocrx_word' id='word_1_87' title='bbox 301 1452 468 1544; x_wconf 84' lang='lat' dir='ltr'>Cornelius</span> <span class='ocrx_word' id='word_1_88' title='bbox 491 1455 539 1518; x_wconf 84' lang='lat' dir='ltr'>ita.</span> <span class='ocrx_word' id='word_1_89' title='bbox 560 1451 644 1520; x_wconf 90' lang='lat' dir='ltr'>ferre</span> <span class='ocrx_word' id='word_1_90' title='bbox 667 1473 780 1520; x_wconf 91' lang='lat' dir='ltr'>rursus</span> <span class='ocrx_word' id='word_1_91' title='bbox 803 1457 917 1537; x_wconf 86' lang='lat' dir='ltr'>coepit,</span> <span class='ocrx_word' id='word_1_92' title='bbox 940 1475 981 1520; x_wconf 92' lang='lat' dir='ltr'>ne</span> <span class='ocrx_word' id='word_1_93' title='bbox 1004 1457 1075 1538; x_wconf 89' lang='lat' dir='ltr'>quis</span> <span class='ocrx_word' id='word_1_94' title='bbox 1098 1456 1132 1520; x_wconf 92' lang='lat' dir='ltr'>in</span> <span class='ocrx_word' id='word_1_95' title='bbox 1155 1461 1273 1521; x_wconf 89' lang='lat' dir='ltr'>senatu</span> <span class='ocrx_word' id='word_1_96' title='bbox 1298 1458 1412 1540; x_wconf 83' lang='lat' dir='ltr'>legibus</span> 
     </span>
     <span class='ocr_line' id='line_1_12' title="bbox 196 1552 1413 1641; baseline 0.002 -19"><span class='ocrx_word' id='word_1_97' title='bbox 196 1557 387 1636; x_wconf 82' lang='lat' dir='ltr'>solveretur,</span> <span class='ocrx_word' id='word_1_98' title='bbox 414 1557 476 1620; x_wconf 92' lang='lat' dir='ltr'>nisi</span> <span class='ocrx_word' id='word_1_99' title='bbox 500 1554 550 1620; x_wconf 80' lang='lat'>00</span> <span class='ocrx_word' id='word_1_100' title='bbox 570 1553 764 1636; x_wconf 81' lang='lat' dir='ltr'>adfuissent,</span> <span class='ocrx_word' id='word_1_101' title='bbox 793 1575 873 1622; x_wconf 91' lang='lat' dir='ltr'>neve</span> <span class='ocrx_word' id='word_1_102' title='bbox 898 1552 1078 1638; x_wconf 71' lang='lat' dir='ltr'>quiscum</span> <span class='ocrx_word' id='word_1_103' title='bbox 1104 1559 1187 1639; x_wconf 80' lang='lat' dir='ltr'>(quic</span> <span class='ocrx_word' id='word_1_104' title='bbox 1208 1556 1272 1641; x_wconf 77' lang='lat' dir='ltr'>ctu)</span> <span class='ocrx_word' id='word_1_105' title='bbox 1298 1560 1413 1624; x_wconf 89' lang='lat' dir='ltr'>solutus</span> 
     </span>
     <span class='ocr_line' id='line_1_13' title="bbox 195 1658 1412 1740; baseline 0.001 -16"><span class='ocrx_word' id='word_1_106' title='bbox 195 1663 288 1738; x_wconf 84' lang='lat' dir='ltr'>esset,</span> <span class='ocrx_word' id='word_1_107' title='bbox 311 1658 535 1737; x_wconf 88' lang='lat' dir='ltr'>intercederet,</span> <span class='ocrx_word' id='word_1_108' title='bbox 559 1677 631 1722; x_wconf 90' lang='lat' dir='ltr'>cum</span> <span class='ocrx_word' id='word_1_109' title='bbox 653 1659 692 1723; x_wconf 92' lang='lat' dir='ltr'>de</span> <span class='ocrx_word' id='word_1_110' title='bbox 716 1676 754 1722; x_wconf 91' lang='lat' dir='ltr'>ea</span> <span class='ocrx_word' id='word_1_111' title='bbox 772 1659 864 1724; x_wconf 88' lang='lat' dir='ltr'>read</span> <span class='ocrx_word' id='word_1_112' title='bbox 884 1660 1038 1740; x_wconf 89' lang='lat' dir='ltr'>populum</span> <span class='ocrx_word' id='word_1_113' title='bbox 1056 1659 1206 1724; x_wconf 82' lang='lat' dir='ltr'>ferretur.</span> <span class='ocrx_word' id='word_1_114' title='bbox 1245 1661 1340 1728; x_wconf 88' lang='lat' dir='ltr'>Haec</span> <span class='ocrx_word' id='word_1_115' title='bbox 1355 1663 1412 1727; x_wconf 85' lang='lat' dir='ltr'>sine</span> 
     </span>
     <span class='ocr_line' id='line_1_14' title="bbox 194 1755 1412 1844; baseline 0.003 -20"><span class='ocrx_word' id='word_1_116' title='bbox 194 1761 335 1825; x_wconf 87' lang='lat' dir='ltr'>tumultu</span> <span class='ocrx_word' id='word_1_117' title='bbox 358 1778 409 1824; x_wconf 91' lang='lat' dir='ltr'>res</span> <span class='ocrx_word' id='word_1_118' title='bbox 432 1763 504 1824; x_wconf 89' lang='lat' dir='ltr'>acta</span> <span class='ocrx_word' id='word_1_119' title='bbox 527 1764 585 1824; x_wconf 91' lang='lat' dir='ltr'>est.</span> <span class='ocrx_word' id='word_1_120' title='bbox 621 1758 723 1824; x_wconf 89' lang='lat' dir='ltr'>Nemo</span> <span class='ocrx_word' id='word_1_121' title='bbox 746 1761 830 1826; x_wconf 91' lang='lat' dir='ltr'>enirn</span> <span class='ocrx_word' id='word_1_122' title='bbox 849 1779 970 1843; x_wconf 82' lang='lat' dir='ltr'>negare</span> <span class='ocrx_word' id='word_1_123' title='bbox 986 1755 1124 1843; x_wconf 90' lang='lat' dir='ltr'>poterat,</span> <span class='ocrx_word' id='word_1_124' title='bbox 1142 1781 1202 1844; x_wconf 91' lang='lat' dir='ltr'>pro</span> <span class='ocrx_word' id='word_1_125' title='bbox 1222 1765 1412 1830; x_wconf 88' lang='lat' dir='ltr'>auctoritate</span> 
     </span>
     <span class='ocr_line' id='line_1_15' title="bbox 194 1859 1077 1945; baseline -0.014 -18"><span class='ocrx_word' id='word_1_126' title='bbox 194 1868 327 1928; x_wconf 89' lang='lat' dir='ltr'>senatus</span> <span class='ocrx_word' id='word_1_127' title='bbox 350 1881 419 1927; x_wconf 88' lang='lat' dir='ltr'>esse</span> <span class='ocrx_word' id='word_1_128' title='bbox 443 1880 515 1926; x_wconf 90' lang='lat' dir='ltr'>eam</span> <span class='ocrx_word' id='word_1_129' title='bbox 537 1862 650 1943; x_wconf 80' lang='lat' dir='ltr'>legem.</span> <span class='ocrx_word' id='word_1_130' title='bbox 695 1859 751 1945; x_wconf 79' lang='grc' dir='ltr'>(σο.</span> <span class='ocrx_word' id='word_1_131' title='bbox 770 1860 818 1945; x_wconf 84' lang='lat'>51)</span> <span class='ocrx_word' id='word_1_132' title='bbox 1075 1860 1077 1864; x_wconf 82' lang='grc'><strong>“</strong></span> 
     </span>
    </p>

    <p class='ocr_par' dir='ltr' id='par_1_3' title="bbox 194 1959 1411 2360">
     <span class='ocr_line' id='line_1_16' title="bbox 279 1959 1411 2046; baseline 0.001 -18"><span class='ocrx_word' id='word_1_133' title='bbox 279 1965 386 2029; x_wconf 82' lang='lat' dir='ltr'>Aliam</span> <span class='ocrx_word' id='word_1_134' title='bbox 418 1965 533 2029; x_wconf 90' lang='lat' dir='ltr'>deinde</span> <span class='ocrx_word' id='word_1_135' title='bbox 562 1965 665 2045; x_wconf 83' lang='lat' dir='ltr'>legem</span> <span class='ocrx_word' id='word_1_136' title='bbox 691 1962 871 2044; x_wconf 88' lang='lat' dir='ltr'>Cornelius,</span> <span class='ocrx_word' id='word_1_137' title='bbox 904 1965 966 2028; x_wconf 88' lang='lat' dir='ltr'>etsi</span> <span class='ocrx_word' id='word_1_138' title='bbox 993 1982 1085 2029; x_wconf 90' lang='lat' dir='ltr'>nemo</span> <span class='ocrx_word' id='word_1_139' title='bbox 1112 1959 1301 2046; x_wconf 82' lang='lat' dir='ltr'>repugnare</span> <span class='ocrx_word' id='word_1_140' title='bbox 1325 1984 1411 2031; x_wconf 89' lang='lat' dir='ltr'>ausus</span> 
     </span>
     <span class='ocr_line' id='line_1_17' title="bbox 195 2065 1410 2151; baseline -0.002 -19"><span class='ocrx_word' id='word_1_141' title='bbox 195 2073 252 2146; x_wconf 91' lang='lat' dir='ltr'>est,</span> <span class='ocrx_word' id='word_1_142' title='bbox 275 2067 385 2130; x_wconf 90' lang='lat' dir='ltr'>multis</span> <span class='ocrx_word' id='word_1_143' title='bbox 408 2071 518 2130; x_wconf 89' lang='lat' dir='ltr'>tamen</span> <span class='ocrx_word' id='word_1_144' title='bbox 540 2065 650 2129; x_wconf 91' lang='lat' dir='ltr'>invitis</span> <span class='ocrx_word' id='word_1_145' title='bbox 669 2066 758 2130; x_wconf 91' lang='lat' dir='ltr'>tulit:</span> <span class='ocrx_word' id='word_1_146' title='bbox 783 2070 820 2129; x_wconf 91' lang='lat' dir='ltr'>ut</span> <span class='ocrx_word' id='word_1_147' title='bbox 843 2072 1008 2145; x_wconf 90' lang='lat' dir='ltr'>praetores</span> <span class='ocrx_word' id='word_1_148' title='bbox 1030 2084 1068 2129; x_wconf 87' lang='lat' dir='ltr'>ex</span> <span class='ocrx_word' id='word_1_149' title='bbox 1088 2066 1202 2151; x_wconf 87' lang='lat' dir='ltr'>edictis</span> <span class='ocrx_word' id='word_1_150' title='bbox 1222 2068 1410 2148; x_wconf 80' lang='lat' dir='ltr'>suisperpe</span> 
     </span>
     <span class='ocr_line' id='line_1_18' title="bbox 194 2168 1410 2250; baseline -0.001 -18"><span class='ocrx_word' id='word_1_151' title='bbox 194 2168 259 2232; x_wconf 87' lang='lat' dir='ltr'>tuis</span> <span class='ocrx_word' id='word_1_152' title='bbox 282 2169 332 2231; x_wconf 92' lang='lat' dir='ltr'>ius</span> <span class='ocrx_word' id='word_1_153' title='bbox 352 2168 524 2246; x_wconf 82' lang='lat' dir='ltr'>dicerent31</span> <span class='ocrx_word' id='word_1_154' title='bbox 547 2186 630 2248; x_wconf 89' lang='lat' dir='ltr'>quae</span> <span class='ocrx_word' id='word_1_155' title='bbox 653 2185 705 2232; x_wconf 89' lang='lat' dir='ltr'>res</span> <span class='ocrx_word' id='word_1_156' title='bbox 729 2172 878 2233; x_wconf 86' lang='lat' dir='ltr'>cunctam</span> <span class='ocrx_word' id='word_1_157' title='bbox 897 2169 1038 2250; x_wconf 79' lang='lat' dir='ltr'>gratiam</span> <span class='ocrx_word' id='word_1_158' title='bbox 1058 2168 1242 2234; x_wconf 86' lang='lat' dir='ltr'>ambitiosis</span> <span class='ocrx_word' id='word_1_159' title='bbox 1261 2170 1410 2250; x_wconf 90' lang='lat' dir='ltr'>praetori·</span> 
     </span>
     <span class='ocr_line' id='line_1_19' title="bbox 194 2267 1304 2360; baseline -0.003 -27"><span class='ocrx_word' id='word_1_160' title='bbox 194 2270 264 2348; x_wconf 90' lang='lat' dir='ltr'>bus,</span> <span class='ocrx_word' id='word_1_161' title='bbox 288 2270 343 2350; x_wconf 94' lang='lat' dir='ltr'>qui</span> <span class='ocrx_word' id='word_1_162' title='bbox 366 2270 457 2333; x_wconf 88' lang='lat' dir='ltr'>varie</span> <span class='ocrx_word' id='word_1_163' title='bbox 480 2269 531 2333; x_wconf 92' lang='lat' dir='ltr'>ius</span> <span class='ocrx_word' id='word_1_164' title='bbox 555 2269 661 2333; x_wconf 88' lang='lat' dir='ltr'>dicere</span> <span class='ocrx_word' id='word_1_165' title='bbox 684 2273 902 2348; x_wconf 84' lang='lat' dir='ltr'>assueverant,</span> <span class='ocrx_word' id='word_1_166' title='bbox 926 2269 1067 2334; x_wconf 89' lang='lat' dir='ltr'>sustulit.</span> <span class='ocrx_word' id='word_1_167' title='bbox 1116 2273 1169 2349; x_wconf 80' lang='grc'><strong>(58.</strong></span> <span class='ocrx_word' id='word_1_168' title='bbox 1188 2267 1239 2350; x_wconf 81' lang='lat'>52)</span> <span class='ocrx_word' id='word_1_169' title='bbox 1302 2355 1304 2360; x_wconf 23' lang='grc' dir='ltr'>Ι</span> 
     </span>
    </p>

    <p class='ocr_par' dir='ltr' id='par_1_4' title="bbox 194 2366 1408 2860">
     <span class='ocr_line' id='line_1_20' title="bbox 278 2366 1408 2453; baseline 0.002 -19"><span class='ocrx_word' id='word_1_170' title='bbox 278 2371 476 2451; x_wconf 83' lang='lat' dir='ltr'>Frequenter</span> <span class='ocrx_word' id='word_1_171' title='bbox 498 2376 568 2435; x_wconf 90' lang='lat' dir='ltr'>tum</span> <span class='ocrx_word' id='word_1_172' title='bbox 591 2372 689 2435; x_wconf 89' lang='lat' dir='ltr'>etiarn</span> <span class='ocrx_word' id='word_1_173' title='bbox 707 2375 818 2436; x_wconf 90' lang='lat' dir='ltr'>coetus</span> <span class='ocrx_word' id='word_1_174' title='bbox 836 2366 1043 2436; x_wconf 84' lang='lat' dir='ltr'>factiosorum</span> <span class='ocrx_word' id='word_1_175' title='bbox 1062 2371 1228 2437; x_wconf 92' lang='lat' dir='ltr'>bominum</span> <span class='ocrx_word' id='word_1_176' title='bbox 1247 2373 1319 2438; x_wconf 91' lang='lat' dir='ltr'>sine</span> <span class='ocrx_word' id='word_1_177' title='bbox 1337 2371 1408 2453; x_wconf 92' lang='lat' dir='ltr'>pub·</span> 
     </span>
     <span class='ocr_line' id='line_1_21' title="bbox 194 2471 1408 2556; baseline 0 -19"><span class='ocrx_word' id='word_1_178' title='bbox 194 2472 257 2537; x_wconf 89' lang='lat' dir='ltr'>lica</span> <span class='ocrx_word' id='word_1_179' title='bbox 280 2473 472 2537; x_wconf 88' lang='lat' dir='ltr'>auctoritate</span> <span class='ocrx_word' id='word_1_180' title='bbox 494 2473 579 2538; x_wconf 85' lang='lat' dir='ltr'>malo</span> <span class='ocrx_word' id='word_1_181' title='bbox 601 2473 730 2554; x_wconf 90' lang='lat' dir='ltr'>publico</span> <span class='ocrx_word' id='word_1_182' title='bbox 745 2471 878 2552; x_wconf 89' lang='lat' dir='ltr'>fiebant,</span> <span class='ocrx_word' id='word_1_183' title='bbox 897 2478 1029 2553; x_wconf 87' lang='lat' dir='ltr'>propter</span> <span class='ocrx_word' id='word_1_184' title='bbox 1049 2474 1132 2554; x_wconf 91' lang='lat' dir='ltr'>quod</span> <span class='ocrx_word' id='word_1_185' title='bbox 1149 2479 1267 2554; x_wconf 89' lang='lat' dir='ltr'>postea</span> <span class='ocrx_word' id='word_1_186' title='bbox 1284 2475 1408 2556; x_wconf 82' lang='lat' dir='ltr'>collegia</span> 
     </span>
     <span class='ocr_line' id='line_1_22' title="bbox 196 2573 1407 2659; baseline 0.001 -21"><span class='ocrx_word' id='word_1_187' title='bbox 196 2573 280 2638; x_wconf 79' lang='lat' dir='ltr'>scta</span> <span class='ocrx_word' id='word_1_188' title='bbox 302 2579 334 2638; x_wconf 92' lang='lat' dir='ltr'>et</span> <span class='ocrx_word' id='word_1_189' title='bbox 357 2573 501 2654; x_wconf 91' lang='lat' dir='ltr'>pluribus</span> <span class='ocrx_word' id='word_1_190' title='bbox 523 2574 649 2656; x_wconf 82' lang='lat' dir='ltr'>legibus</span> <span class='ocrx_word' id='word_1_191' title='bbox 673 2581 748 2640; x_wconf 90' lang='lat' dir='ltr'>sunt</span> <span class='ocrx_word' id='word_1_192' title='bbox 771 2574 911 2654; x_wconf 90' lang='lat' dir='ltr'>sublata,</span> <span class='ocrx_word' id='word_1_193' title='bbox 935 2579 1065 2655; x_wconf 90' lang='lat' dir='ltr'>praeter</span> <span class='ocrx_word' id='word_1_194' title='bbox 1079 2594 1184 2656; x_wconf 90' lang='lat' dir='ltr'>pauca</span> <span class='ocrx_word' id='word_1_195' title='bbox 1201 2580 1304 2659; x_wconf 91' lang='lat' dir='ltr'>atque</span> <span class='ocrx_word' id='word_1_196' title='bbox 1320 2581 1407 2652; x_wconf 85' lang='lat' dir='ltr'>certa,</span> 
     </span>
     <span class='ocr_line' id='line_1_23' title="bbox 196 2674 1407 2758; baseline 0 -18"><span class='ocrx_word' id='word_1_197' title='bbox 196 2695 278 2758; x_wconf 88' lang='lat' dir='ltr'>quae</span> <span class='ocrx_word' id='word_1_198' title='bbox 301 2676 426 2740; x_wconf 89' lang='lat' dir='ltr'>utilitas</span> <span class='ocrx_word' id='word_1_199' title='bbox 445 2675 587 2741; x_wconf 90' lang='lat' dir='ltr'>civitatis</span> <span class='ocrx_word' id='word_1_200' title='bbox 603 2677 828 2755; x_wconf 89' lang='lat' dir='ltr'>desiderasset,</span> <span class='ocrx_word' id='word_1_201' title='bbox 847 2677 958 2757; x_wconf 88' lang='lat' dir='ltr'>qualia</span> <span class='ocrx_word' id='word_1_202' title='bbox 977 2681 1053 2741; x_wconf 91' lang='lat' dir='ltr'>sunt</span> <span class='ocrx_word' id='word_1_203' title='bbox 1070 2674 1237 2742; x_wconf 87' lang='lat' dir='ltr'>fabrorum</span> <span class='ocrx_word' id='word_1_204' title='bbox 1255 2675 1407 2743; x_wconf 91' lang='lat' dir='ltr'>fictorum·</span> 
     </span>
     <span class='ocr_line' id='line_1_24' title="bbox 196 2778 430 2860; baseline -0.03 -17"><span class='ocrx_word' id='word_1_205' title='bbox 196 2797 267 2860; x_wconf 90' lang='lat' dir='ltr'>que.</span> <span class='ocrx_word' id='word_1_206' title='bbox 310 2778 364 2860; x_wconf 78' lang='lat'>(75.</span> <span class='ocrx_word' id='word_1_207' title='bbox 383 2778 430 2860; x_wconf 83' lang='lat'>67)</span> 
     </span>
    </p>
   </div>
   <div class='ocr_carea' id='block_1_3' title="bbox 473 2951 1140 3020">
    <p class='ocr_par' dir='ltr' id='par_1_5' title="bbox 473 2951 1140 3020">
     <span class='ocr_line' id='line_1_25' title="bbox 473 2951 1140 3020; baseline -0.001 -12"><span class='ocrx_word' id='word_1_208' title='bbox 473 2955 512 3009; x_wconf 90' lang='lat' dir='ltr'>D.</span> <span class='ocrx_word' id='word_1_209' title='bbox 556 2954 599 3008; x_wconf 86' lang='lat' dir='ltr'>In</span> <span class='ocrx_word' id='word_1_210' title='bbox 618 2952 811 3008; x_wconf 82' lang='lat' dir='ltr'>orationem</span> <span class='ocrx_word' id='word_1_211' title='bbox 828 2952 866 3007; x_wconf 87' lang='lat' dir='ltr'>in</span> <span class='ocrx_word' id='word_1_212' title='bbox 881 2955 962 3020; x_wconf 81' lang='lat' dir='ltr'>toga</span> <span class='ocrx_word' id='word_1_213' title='bbox 981 2951 1140 3008; x_wconf 71' lang='lat' dir='ltr'>eandida·</span> 
     </span>
    </p>
   </div>
   <div class='ocr_carea' id='block_1_4' title="bbox 197 3067 1407 3455">
    <p class='ocr_par' dir='ltr' id='par_1_6' title="bbox 197 3067 1407 3455">
     <span class='ocr_line' id='line_1_26' title="bbox 280 3067 1406 3150; baseline -0.003 -18"><span class='ocrx_word' id='word_1_214' title='bbox 280 3069 375 3133; x_wconf 92' lang='lat' dir='ltr'>Hunc</span> <span class='ocrx_word' id='word_1_215' title='bbox 398 3067 573 3133; x_wconf 86' lang='lat' dir='ltr'>Antonium</span> <span class='ocrx_word' id='word_1_216' title='bbox 595 3085 804 3132; x_wconf 88' lang='lat' dir='ltr'>-censores</span> <span class='ocrx_word' id='word_1_217' title='bbox 826 3103 868 3112; x_wconf 95' lang='lat'>-</span> <span class='ocrx_word' id='word_1_218' title='bbox 887 3072 1003 3132; x_wconf 88' lang='lat' dir='ltr'>senatu</span> <span class='ocrx_word' id='word_1_219' title='bbox 1025 3073 1211 3148; x_wconf 90' lang='lat' dir='ltr'>moverunt,</span> <span class='ocrx_word' id='word_1_220' title='bbox 1240 3085 1406 3150; x_wconf 89' lang='lat' dir='ltr'>causasque</span> 
     </span>
     <span class='ocr_line' id='line_1_27' title="bbox 197 3168 1406 3251; baseline 0 -19"><span class='ocrx_word' id='word_1_221' title='bbox 197 3168 473 3250; x_wconf 88' lang='lat' dir='ltr'>subscripserunt,</span> <span class='ocrx_word' id='word_1_222' title='bbox 506 3171 591 3251; x_wconf 93' lang='lat' dir='ltr'>quod</span> <span class='ocrx_word' id='word_1_223' title='bbox 614 3169 715 3234; x_wconf 89' lang='lat' dir='ltr'>socios</span> <span class='ocrx_word' id='word_1_224' title='bbox 738 3169 931 3249; x_wconf 90' lang='lat' dir='ltr'>diripuerit,</span> <span class='ocrx_word' id='word_1_225' title='bbox 964 3169 1049 3250; x_wconf 87' lang='lat' dir='ltr'>quod</span> <span class='ocrx_word' id='word_1_226' title='bbox 1072 3169 1227 3235; x_wconf 90' lang='lat' dir='ltr'>iudicium</span> <span class='ocrx_word' id='word_1_227' title='bbox 1251 3169 1406 3246; x_wconf 82' lang='lat' dir='ltr'>recusarit,</span> 
     </span>
     <span class='ocr_line' id='line_1_28' title="bbox 197 3271 1407 3353; baseline -0.002 -18"><span class='ocrx_word' id='word_1_228' title='bbox 197 3273 424 3353; x_wconf 90' lang='lat' dir='ltr'>quodpropter</span> <span class='ocrx_word' id='word_1_229' title='bbox 440 3272 523 3336; x_wconf 90' lang='lat' dir='ltr'>aeris</span> <span class='ocrx_word' id='word_1_230' title='bbox 534 3271 631 3336; x_wconf 87' lang='lat' dir='ltr'>alieni</span> <span class='ocrx_word' id='word_1_231' title='bbox 641 3271 894 3353; x_wconf 85' lang='lat' dir='ltr'>magnitudinem</span> <span class='ocrx_word' id='word_1_232' title='bbox 907 3271 1039 3351; x_wconf 89' lang='lat' dir='ltr'>praedia</span> <span class='ocrx_word' id='word_1_233' title='bbox 1047 3271 1255 3353; x_wconf 88' lang='lat' dir='ltr'>manciparit,</span> <span class='ocrx_word' id='word_1_234' title='bbox 1271 3274 1407 3353; x_wconf 89' lang='lat' dir='ltr'>bonaque</span> 
     </span>
     <span class='ocr_line' id='line_1_29' title="bbox 197 3370 939 3455; baseline -0.007 -18"><span class='ocrx_word' id='word_1_235' title='bbox 197 3391 256 3438; x_wconf 89' lang='lat' dir='ltr'>sua</span> <span class='ocrx_word' id='word_1_236' title='bbox 277 3374 311 3437; x_wconf 90' lang='lat' dir='ltr'>in</span> <span class='ocrx_word' id='word_1_237' title='bbox 334 3376 497 3455; x_wconf 88' lang='lat' dir='ltr'>potestate</span> <span class='ocrx_word' id='word_1_238' title='bbox 520 3391 582 3437; x_wconf 92' lang='lat' dir='ltr'>non</span> <span class='ocrx_word' id='word_1_239' title='bbox 606 3372 768 3437; x_wconf 61' lang='lat' dir='ltr'>haberem</span> <span class='ocrx_word' id='word_1_240' title='bbox 810 3370 866 3453; x_wconf 72' lang='lat' dir='ltr'>(aa.</span> <span class='ocrx_word' id='word_1_241' title='bbox 885 3371 939 3453; x_wconf 85' lang='lat'>75.)</span> 
     </span>
    </p>
   </div>
   <div class='ocr_carea' id='block_1_5' title="bbox 197 3569 1409 4406">
    <p class='ocr_par' dir='ltr' id='par_1_7' title="bbox 197 3569 1409 4406">
     <span class='ocr_line' id='line_1_30' title="bbox 265 3569 1408 3655; baseline 0.001 -28"><span class='ocrx_word' id='word_1_242' title='bbox 265 3577 290 3637; x_wconf 89' lang='lat' dir='ltr'>l)</span> <span class='ocrx_word' id='word_1_243' title='bbox 309 3576 348 3629; x_wconf 82' lang='lat' dir='ltr'>cf.</span> <span class='ocrx_word' id='word_1_244' title='bbox 367 3575 424 3628; x_wconf 82' lang='lat' dir='ltr'>Dio</span> <span class='ocrx_word' id='word_1_245' title='bbox 446 3578 489 3637; x_wconf 82' lang='lat'>36,</span> <span class='ocrx_word' id='word_1_246' title='bbox 512 3577 562 3628; x_wconf 78' lang='lat'>23:</span> <span class='ocrx_word' id='word_1_247' title='bbox 588 3569 632 3639; x_wconf 68' lang='lat' dir='ltr'>(o</span> <span class='ocrx_word' id='word_1_248' title='bbox 652 3573 823 3644; x_wconf 79' lang='grc' dir='ltr'><strong><em>Κορνήλιος)</em></strong></span> <span class='ocrx_word' id='word_1_249' title='bbox 846 3572 1070 3645; x_wconf 71' lang='grc' dir='ltr'><strong><em>διενομοθέτησε</em></strong></span> <span class='ocrx_word' id='word_1_250' title='bbox 1094 3575 1144 3655; x_wconf 71' lang='grc' dir='ltr'>καλ</span> <span class='ocrx_word' id='word_1_251' title='bbox 1168 3569 1275 3645; x_wconf 73' lang='grc' dir='ltr'><strong><em>ἕτερον</em></strong></span> <span class='ocrx_word' id='word_1_252' title='bbox 1299 3576 1408 3631; x_wconf 79' lang='grc' dir='ltr'><strong><em>τοιόνδε·</em></strong></span> 
     </span>
     <span class='ocr_line' id='line_1_31' title="bbox 198 3653 1408 3731; baseline 0 -17"><span class='ocrx_word' id='word_1_253' title='bbox 198 3657 226 3714; x_wconf 77' lang='grc' dir='ltr'>οἱ</span> <span class='ocrx_word' id='word_1_254' title='bbox 246 3663 401 3731; x_wconf 78' lang='grc' dir='ltr'><strong><em>στρατηγοὶ</em></strong></span> <span class='ocrx_word' id='word_1_255' title='bbox 420 3660 573 3728; x_wconf 81' lang='lat' dir='ltr'>(praetores)</span> <span class='ocrx_word' id='word_1_256' title='bbox 593 3658 702 3722; x_wconf 85' lang='grc' dir='ltr'><strong><em>πάντες</em></strong></span> <span class='ocrx_word' id='word_1_257' title='bbox 726 3655 762 3712; x_wconf 86' lang='grc' dir='ltr'>τά</span> <span class='ocrx_word' id='word_1_258' title='bbox 781 3659 877 3713; x_wconf 74' lang='grc' dir='ltr'><strong><em>δίκαια</em></strong></span> <span class='ocrx_word' id='word_1_259' title='bbox 896 3656 965 3713; x_wconf 77' lang='grc' dir='ltr'><strong><em>καθ’</em></strong></span> <span class='ocrx_word' id='word_1_260' title='bbox 983 3653 1001 3713; x_wconf 81' lang='grc' dir='ltr'>ἃ</span> <span class='ocrx_word' id='word_1_261' title='bbox 1020 3657 1149 3713; x_wconf 82' lang='grc' dir='ltr'><strong><em>δικάσειν</em></strong></span> <span class='ocrx_word' id='word_1_262' title='bbox 1168 3653 1297 3727; x_wconf 68' lang='grc' dir='ltr'><strong><em>ἔμελλον</em></strong></span> <span class='ocrx_word' id='word_1_263' title='bbox 1315 3659 1408 3722; x_wconf 78' lang='grc' dir='ltr'><strong><em>αὐτοῖς,</em></strong></span> 
     </span>
     <span class='ocr_line' id='line_1_32' title="bbox 198 3738 1408 3816; baseline -0.003 -16"><span class='ocrx_word' id='word_1_264' title='bbox 198 3744 417 3816; x_wconf 79' lang='grc' dir='ltr'><em>συγγράφοντες</em></span> <span class='ocrx_word' id='word_1_265' title='bbox 440 3743 612 3812; x_wconf 73' lang='grc' dir='ltr'><strong><em>ἐξετίθεσαν</em></strong></span> <span class='ocrx_word' id='word_1_266' title='bbox 635 3742 800 3808; x_wconf 79' lang='lat' dir='ltr'>(edixerunt).</span> <span class='ocrx_word' id='word_1_267' title='bbox 826 3741 859 3798; x_wconf 79' lang='lat' dir='ltr'>od</span> <span class='ocrx_word' id='word_1_268' title='bbox 878 3742 933 3816; x_wconf 78' lang='grc' dir='ltr'>γάρ</span> <span class='ocrx_word' id='word_1_269' title='bbox 953 3760 998 3798; x_wconf 84' lang='grc' dir='ltr'>πω</span> <span class='ocrx_word' id='word_1_270' title='bbox 1016 3741 1112 3798; x_wconf 85' lang='grc' dir='ltr'><strong><em>πάντα</em></strong></span> <span class='ocrx_word' id='word_1_271' title='bbox 1130 3741 1166 3798; x_wconf 88' lang='grc' dir='ltr'>τά</span> <span class='ocrx_word' id='word_1_272' title='bbox 1187 3738 1408 3813; x_wconf 75' lang='grc' dir='ltr'><strong><em>δικαιώματα,ἃ</em></strong></span> 
     </span>
     <span class='ocr_line' id='line_1_33' title="bbox 198 3821 1408 3902; baseline -0.003 -17"><span class='ocrx_word' id='word_1_273' title='bbox 198 3828 319 3902; x_wconf 80' lang='grc' dir='ltr'><strong><em>περὶτὰ</em></strong></span> <span class='ocrx_word' id='word_1_274' title='bbox 338 3829 497 3900; x_wconf 76' lang='grc' dir='ltr'><strong><em>συμβόλαια</em></strong></span> <span class='ocrx_word' id='word_1_275' title='bbox 515 3826 690 3892; x_wconf 79' lang='grc' dir='ltr'><strong><em>διετέτακτο,</em></strong></span> <span class='ocrx_word' id='word_1_276' title='bbox 705 3823 833 3882; x_wconf 80' lang='grc' dir='ltr'><strong><em>ἐποίουν.</em></strong></span> <span class='ocrx_word' id='word_1_277' title='bbox 853 3821 919 3882; x_wconf 72' lang='grc' dir='ltr'><strong><em>οὔτε</em></strong></span> <span class='ocrx_word' id='word_1_278' title='bbox 938 3824 1049 3894; x_wconf 77' lang='grc' dir='ltr'><strong><em>ἐσάπαξ</em></strong></span> <span class='ocrx_word' id='word_1_279' title='bbox 1069 3823 1147 3881; x_wconf 52' lang='grc' dir='ltr'><strong><em>τοῦτ)</em></strong></span> <span class='ocrx_word' id='word_1_280' title='bbox 1163 3825 1299 3894; x_wconf 72' lang='grc' dir='ltr'><strong><em>ἐποίουν,</em></strong></span> <span class='ocrx_word' id='word_1_281' title='bbox 1309 3824 1371 3886; x_wconf 75' lang='grc' dir='ltr'><strong><em>οὔτε</em></strong></span> <span class='ocrx_word' id='word_1_282' title='bbox 1379 3825 1408 3882; x_wconf 82' lang='grc' dir='ltr'>τὰ</span> 
     </span>
     <span class='ocr_line' id='line_1_34' title="bbox 197 3910 1409 3987; baseline -0.002 -17"><span class='ocrx_word' id='word_1_283' title='bbox 197 3913 344 3987; x_wconf 76' lang='grc' dir='ltr'><strong><em>γραφέντα</em></strong></span> <span class='ocrx_word' id='word_1_284' title='bbox 368 3910 496 3984; x_wconf 79' lang='grc' dir='ltr'><strong><em>ἐτήρουν·</em></strong></span> <span class='ocrx_word' id='word_1_285' title='bbox 516 3910 590 3969; x_wconf 85' lang='grc' dir='ltr'><strong><em>ἀλλὰ</em></strong></span> <span class='ocrx_word' id='word_1_286' title='bbox 611 3911 752 3977; x_wconf 80' lang='grc' dir='ltr'><strong><em>πολλάκις</em></strong></span> <span class='ocrx_word' id='word_1_287' title='bbox 776 3910 849 3966; x_wconf 76' lang='grc' dir='ltr'><strong><em>αὐτὰ</em></strong></span> <span class='ocrx_word' id='word_1_288' title='bbox 869 3910 1066 3984; x_wconf 80' lang='grc' dir='ltr'><strong><em>μετέγραφον,</em></strong></span> <span class='ocrx_word' id='word_1_289' title='bbox 1091 3912 1141 3965; x_wconf 80' lang='grc' dir='ltr'>καὶ</span> <span class='ocrx_word' id='word_1_290' title='bbox 1164 3912 1259 3985; x_wconf 83' lang='grc' dir='ltr'><strong><em>συχνά</em></strong></span> <span class='ocrx_word' id='word_1_291' title='bbox 1278 3911 1409 3983; x_wconf 73' lang='grc' dir='ltr'><strong><em>ἐντούτῳ</em></strong></span> 
     </span>
     <span class='ocr_line' id='line_1_35' title="bbox 198 3989 1409 4072; baseline -0.003 -18"><span class='ocrx_word' id='word_1_292' title='bbox 198 3999 271 4070; x_wconf 87' lang='grc' dir='ltr'><strong><em>πρὸς</em></strong></span> <span class='ocrx_word' id='word_1_293' title='bbox 287 3998 372 4072; x_wconf 81' lang='grc' dir='ltr'><strong><em>χάριν</em></strong></span> <span class='ocrx_word' id='word_1_294' title='bbox 390 3997 406 4067; x_wconf 80' lang='grc' dir='ltr'><strong><em>ἢ</em></strong></span> <span class='ocrx_word' id='word_1_295' title='bbox 425 4000 474 4053; x_wconf 82' lang='grc' dir='ltr'>καὶ</span> <span class='ocrx_word' id='word_1_296' title='bbox 492 3993 554 4053; x_wconf 81' lang='grc' dir='ltr'><strong><em>κατ’</em></strong></span> <span class='ocrx_word' id='word_1_297' title='bbox 575 3992 683 4070; x_wconf 69' lang='grc' dir='ltr'><strong><em>ἔχθραν</em></strong></span> <span class='ocrx_word' id='word_1_298' title='bbox 701 4003 798 4063; x_wconf 83' lang='grc' dir='ltr'><strong><em>τινῶν,</em></strong></span> <span class='ocrx_word' id='word_1_299' title='bbox 823 3989 920 4065; x_wconf 77' lang='grc' dir='ltr'><strong><em>ὥςπερ</em></strong></span> <span class='ocrx_word' id='word_1_300' title='bbox 940 3995 1028 4061; x_wconf 84' lang='grc' dir='ltr'><strong><em>εἰκὸς,</em></strong></span> <span class='ocrx_word' id='word_1_301' title='bbox 1046 3993 1168 4065; x_wconf 74' lang='grc' dir='ltr'><strong><em>ἐγίνετο.</em></strong></span> <span class='ocrx_word' id='word_1_302' title='bbox 1189 3994 1352 4070; x_wconf 78' lang='grc' dir='ltr'><strong><em>ἐσηγήσατο</em></strong></span> <span class='ocrx_word' id='word_1_303' title='bbox 1368 4003 1409 4062; x_wconf 85' lang='lat' dir='ltr'>(ro-</span> 
     </span>
     <span class='ocr_line' id='line_1_36' title="bbox 198 4073 1408 4156; baseline -0.003 -19"><span class='ocrx_word' id='word_1_304' title='bbox 198 4084 293 4152; x_wconf 79' lang='lat' dir='ltr'>gavit),</span> <span class='ocrx_word' id='word_1_305' title='bbox 310 4079 372 4138; x_wconf 81' lang='grc' dir='ltr'><strong><em>κατ’</em></strong></span> <span class='ocrx_word' id='word_1_306' title='bbox 392 4080 481 4156; x_wconf 87' lang='grc' dir='ltr'><strong><em>άρχάς</em></strong></span> <span class='ocrx_word' id='word_1_307' title='bbox 500 4101 531 4137; x_wconf 83' lang='grc' dir='ltr'>τε</span> <span class='ocrx_word' id='word_1_308' title='bbox 551 4081 638 4147; x_wconf 71' lang='grc' dir='ltr'><strong><em>εὐθὺς</em></strong></span> <span class='ocrx_word' id='word_1_309' title='bbox 657 4079 760 4146; x_wconf 80' lang='grc' dir='ltr'><strong><em>αὐτοὺς</em></strong></span> <span class='ocrx_word' id='word_1_310' title='bbox 779 4079 814 4135; x_wconf 87' lang='grc' dir='ltr'>τά</span> <span class='ocrx_word' id='word_1_311' title='bbox 833 4081 939 4148; x_wconf 80' lang='grc' dir='ltr'><strong><em>δίκαια,</em></strong></span> <span class='ocrx_word' id='word_1_312' title='bbox 956 4073 1000 4146; x_wconf 78' lang='grc' dir='ltr'>οἷς</span> <span class='ocrx_word' id='word_1_313' title='bbox 1016 4078 1182 4152; x_wconf 66' lang='grc' dir='ltr'><strong><em>χρήσονται,</em></strong></span> <span class='ocrx_word' id='word_1_314' title='bbox 1192 4081 1358 4155; x_wconf 80' lang='grc' dir='ltr'><strong><em>προλέγειν,</em></strong></span> <span class='ocrx_word' id='word_1_315' title='bbox 1368 4082 1408 4137; x_wconf 82' lang='grc' dir='ltr'>καλ</span> 
     </span>
     <span class='ocr_line' id='line_1_37' title="bbox 198 4164 1409 4241; baseline -0.003 -18"><span class='ocrx_word' id='word_1_316' title='bbox 198 4168 284 4240; x_wconf 80' lang='grc' dir='ltr'><strong><em>μηδὲν</em></strong></span> <span class='ocrx_word' id='word_1_317' title='bbox 302 4165 349 4225; x_wconf 77' lang='grc' dir='ltr'>ἀπ’</span> <span class='ocrx_word' id='word_1_318' title='bbox 370 4167 465 4224; x_wconf 83' lang='grc' dir='ltr'><strong><em>αὐτῶν</em></strong></span> <span class='ocrx_word' id='word_1_319' title='bbox 484 4167 686 4241; x_wconf 84' lang='grc' dir='ltr'><strong><em>παρατρέπειν.</em></strong></span> <span class='ocrx_word' id='word_1_320' title='bbox 704 4196 737 4205; x_wconf 88' lang='grc'>-</span> <span class='ocrx_word' id='word_1_321' title='bbox 761 4167 787 4233; x_wconf 74' lang='grc'>2)</span> <span class='ocrx_word' id='word_1_322' title='bbox 808 4165 861 4222; x_wconf 80' lang='lat' dir='ltr'>Cic.</span> <span class='ocrx_word' id='word_1_323' title='bbox 879 4165 911 4218; x_wconf 83' lang='lat' dir='ltr'>de</span> <span class='ocrx_word' id='word_1_324' title='bbox 930 4171 998 4221; x_wconf 81' lang='lat' dir='ltr'>orat.</span> <span class='ocrx_word' id='word_1_325' title='bbox 1016 4169 1044 4229; x_wconf 80' lang='lat'>2,</span> <span class='ocrx_word' id='word_1_326' title='bbox 1061 4169 1109 4218; x_wconf 79' lang='lat'>55:</span> <span class='ocrx_word' id='word_1_327' title='bbox 1134 4165 1191 4220; x_wconf 88' lang='lat' dir='ltr'>‘ubi</span> <span class='ocrx_word' id='word_1_328' title='bbox 1210 4173 1277 4223; x_wconf 88' lang='lat' dir='ltr'>sunt</span> <span class='ocrx_word' id='word_1_329' title='bbox 1295 4170 1320 4223; x_wconf 90' lang='lat' dir='ltr'>ei</span> <span class='ocrx_word' id='word_1_330' title='bbox 1336 4164 1409 4227; x_wconf 73' lang='lat' dir='ltr'>fund,</span> 
     </span>
     <span class='ocr_line' id='line_1_38' title="bbox 200 4250 1409 4323; baseline -0.005 -16"><span class='ocrx_word' id='word_1_331' title='bbox 200 4254 294 4316; x_wconf 88' lang='lat' dir='ltr'>Brute,</span> <span class='ocrx_word' id='word_1_332' title='bbox 317 4269 381 4323; x_wconf 90' lang='lat' dir='ltr'>qnos</span> <span class='ocrx_word' id='word_1_333' title='bbox 405 4252 457 4307; x_wconf 89' lang='lat' dir='ltr'>tibi</span> <span class='ocrx_word' id='word_1_334' title='bbox 484 4256 559 4322; x_wconf 85' lang='lat' dir='ltr'>pater</span> <span class='ocrx_word' id='word_1_335' title='bbox 582 4251 696 4320; x_wconf 88' lang='lat' dir='ltr'>publicis</span> <span class='ocrx_word' id='word_1_336' title='bbox 714 4251 910 4304; x_wconf 84' lang='lat' dir='ltr'>commentariis</span> <span class='ocrx_word' id='word_1_337' title='bbox 929 4250 1099 4319; x_wconf 87' lang='lat' dir='ltr'>consignatos</span> <span class='ocrx_word' id='word_1_338' title='bbox 1114 4250 1260 4320; x_wconf 71' lang='lat' dir='ltr'>reliquitl&#39;</span> <span class='ocrx_word' id='word_1_339' title='bbox 1300 4254 1351 4310; x_wconf 75' lang='lat' dir='ltr'>Oia.</span> <span class='ocrx_word' id='word_1_340' title='bbox 1367 4264 1409 4320; x_wconf 84' lang='lat' dir='ltr'>pro</span> 
     </span>
     <span class='ocr_line' id='line_1_39' title="bbox 200 4335 1408 4406; baseline -0.003 -16"><span class='ocrx_word' id='word_1_341' title='bbox 200 4336 279 4391; x_wconf 75' lang='lat' dir='ltr'>Sallu</span> <span class='ocrx_word' id='word_1_342' title='bbox 299 4341 349 4403; x_wconf 81' lang='lat'>20,</span> <span class='ocrx_word' id='word_1_343' title='bbox 372 4342 424 4391; x_wconf 85' lang='lat'>59:</span> <span class='ocrx_word' id='word_1_344' title='bbox 451 4338 545 4391; x_wconf 88' lang='lat' dir='ltr'>‘venire</span> <span class='ocrx_word' id='word_1_345' title='bbox 569 4339 665 4390; x_wconf 87' lang='lat' dir='ltr'>omnes</span> <span class='ocrx_word' id='word_1_346' title='bbox 684 4352 744 4389; x_wconf 86' lang='lat' dir='ltr'>suas</span> <span class='ocrx_word' id='word_1_347' title='bbox 765 4336 941 4406; x_wconf 88' lang='lat' dir='ltr'>possessiones</span> <span class='ocrx_word' id='word_1_348' title='bbox 965 4340 993 4389; x_wconf 89' lang='lat' dir='ltr'>et</span> <span class='ocrx_word' id='word_1_349' title='bbox 1018 4335 1176 4403; x_wconf 88' lang='lat' dir='ltr'>patrimonio</span> <span class='ocrx_word' id='word_1_350' title='bbox 1201 4352 1230 4390; x_wconf 90' lang='lat' dir='ltr'>se</span> <span class='ocrx_word' id='word_1_351' title='bbox 1252 4338 1408 4392; x_wconf 81' lang='lat' dir='ltr'>ornatissimo</span> 
     </span>
    </p>
   </div>
   <div class='ocr_carea' id='block_1_6' title="bbox 199 4419 1407 4490">
    <p class='ocr_par' dir='ltr' id='par_1_8' title="bbox 199 4419 1407 4490">
     <span class='ocr_line' id='line_1_40' title="bbox 199 4419 1407 4490; baseline 0.006 -16"><span class='ocrx_word' id='word_1_352' title='bbox 199 4421 306 4490; x_wconf 83' lang='lat' dir='ltr'>spoliari</span> <span class='ocrx_word' id='word_1_353' title='bbox 323 4422 418 4477; x_wconf 86' lang='lat' dir='ltr'>maluit</span> <span class='ocrx_word' id='word_1_354' title='bbox 436 4420 563 4488; x_wconf 84' lang='lat' dir='ltr'>(Sittius),</span> <span class='ocrx_word' id='word_1_355' title='bbox 581 4436 659 4488; x_wconf 86' lang='lat' dir='ltr'>quam</span> <span class='ocrx_word' id='word_1_356' title='bbox 676 4420 759 4474; x_wconf 83' lang='lat' dir='ltr'>ullam</span> <span class='ocrx_word' id='word_1_357' title='bbox 777 4435 883 4487; x_wconf 84' lang='lat' dir='ltr'>moram¹</span> <span class='ocrx_word' id='word_1_358' title='bbox 896 4419 1019 4488; x_wconf 85' lang='lat' dir='ltr'>cuiquam</span> <span class='ocrx_word' id='word_1_359' title='bbox 1041 4419 1099 4474; x_wconf 89' lang='lat' dir='ltr'>fieri</span> <span class='ocrx_word' id='word_1_360' title='bbox 1116 4419 1281 4477; x_wconf 88' lang='lat' dir='ltr'>creditorum</span> <span class='ocrx_word' id='word_1_361' title='bbox 1299 4435 1407 4481; x_wconf 74' lang='lat' dir='ltr'>suanm</span> 
     </span>
    </p>
   </div>
   <div class='ocr_carea' id='block_1_7' title="bbox 0 0 1462 4860">
    <p class='ocr_par' dir='ltr' id='par_1_9' title="bbox 0 0 1462 4860">
     <span class='ocr_line' id='line_1_41' title="bbox 0 0 1462 4860; baseline 0 0"><span class='ocrx_word' id='word_1_362' title='bbox 0 0 1462 4860; x_wconf 95' lang='lat' dir='ltr'> </span> 
     </span>
    </p>
   </div>
  </div>
 </body>
</html>
