2916 4860
116 349 178 415 150
310 391 313 395 -
587 350 683 406 Edicta
705 355 866 421 praetorum.

115 519 226 593 tratre,
246 539 363 600 sorore,
381 539 495 603 uxore,
515 541 633 604 socero,
654 542 757 603 socru,
776 542 904 605 genero,
926 544 1021 604 nuru,
1039 524 1166 605 vitrico,
1194 542 1340 605 noverca,

11 639 14 650 ·
118 623 279 704 privigno,
304 623 468 704 privigna,
488 625 623 704 pupillo,
642 626 782 706 pupilla,
800 624 934 701 furioso,
957 624 1094 706 furiosa,
1115 627 1168 690 cei
1190 645 1300 691 eorum
1322 648 1340 691 a

118 728 263 804 parente,
283 730 342 789 aut
365 725 405 789 de
420 726 552 791 maioris
570 728 673 808 partis
691 732 834 793 tutorum
853 729 1025 808 sententia,
1045 732 1104 792 aut
1122 727 1164 792 ab
1183 745 1231 807 eo,
1251 729 1338 793 cuins

64 866 66 869 -
117 826 157 890 dc
171 845 212 890 ea
229 845 265 890 re
284 827 465 892 iurisdictio
486 825 557 908 fuit,
576 847 615 893 ea
641 830 747 894 tutela
765 830 931 894 curatiove
952 830 1031 894 data
1052 829 1123 893 erit.
1168 829 1224 909 (U.
1246 833 1277 896 6.
1300 829 1337 895 D.

115 931 146 1006 3,
176 933 205 1007 1,
229 933 258 1007 1,
278 931 380 1008 9.11.,·
402 933 433 1007 3,
450 929 514 1012 pr.)

201 1032 272 1111 (De
289 1031 548 1114 vadimoniis.)
592 1031 626 1096 Si
645 1051 683 1096 ex
701 1034 809 1098 noxali
829 1053 928 1098 causa
946 1035 1087 1115 agaturl,
1103 1032 1146 1114 (si
1165 1033 1240 1114 quis
1256 1050 1333 1112 eum,

117 1132 156 1195 de
176 1152 237 1214 quo
255 1134 381 1198 noxalis
398 1135 483 1198 actio
495 1139 553 1215 est,
573 1133 691 1199 iudicio
707 1135 779 1199 sisti
797 1135 959 1218 promisit)
983 1185 990 1200 .
1015 1184 1022 1200 .
1041 1184 1048 1198 .
1063 1135 1097 1198 in
1112 1135 1230 1198 eadem
1248 1153 1336 1199 causo

36 1317 39 1324 .
116 1252 190 1298 eum
209 1234 370 1331 exbibere,
393 1236 428 1299 in
446 1254 512 1317 qua
530 1243 608 1300 tunc
626 1240 686 1315 est,
710 1236 811 1300 donec
824 1237 984 1302 iudicium
1001 1237 1188 1316 accipiatur,
1200 1235 1334 1318 (iubebo.)

116 1334 174 1416 (U.
197 1339 228 1399 7.
251 1338 295 1400 D.
318 1341 351 1415 2,
375 1339 405 1416 9,
430 1337 549 1420 apr.)

204 1439 258 1503 De
281 1439 558 1520 cognitoribus
580 1443 622 1504 et
648 1439 970 1520 procuratoribus
993 1444 1029 1504 et
1051 1436 1332 1505 defensoribus.

117 1541 145 1603 1.
169 1539 282 1605 Alieno
296 1542 435 1620 nomine,
458 1542 534 1606 item
553 1558 612 1621 per
630 1542 711 1605 alios
735 1541 852 1622 agendi
870 1545 1067 1621 potestatem
1084 1558 1149 1604 non
1167 1539 1284 1606 faciam
1304 1541 1331 1603 in

116 1641 167 1707 his
184 1643 299 1722 causis,
321 1643 354 1706 in
365 1643 482 1724 quibus
499 1661 540 1707 ne
559 1643 637 1708 dent
655 1642 854 1724 cognitorem
863 1660 943 1707 neve
955 1642 1082 1720 dentur,
1102 1642 1247 1706 edictum
1256 1662 1329 1708 com·

116 1744 296 1824 prehendit.
332 1744 387 1828 (U.
403 1747 451 1810 7.²
478 1744 548 1810 Vot.
568 1743 613 1822 fr.
635 1743 727 1827 322.)

201 1845 230 1911 2.
255 1847 358 1929 Eiqui
373 1843 578 1932 cognit[orem
595 1846 725 1926 dederit,
743 1865 840 1911 conso
857 1846 983 1928 coquito
988 1846 1172 1928 permittam
1185 1843 1327 1910 iudicium

118 1945 316 2034 transfer]re.
360 1949 415 2031 (U.
437 1950 456 2013 ?
482 1948 551 2014 Vot.
572 1947 614 2026 fr.
633 1947 721 2030 341.)

205 2048 234 2117 3.
261 2050 511 2117 Procuratorem
530 2051 572 2114 ad
589 2051 680 2114 litem
698 2049 938 2130 suscipiendam
959 2051 1082 2129 datum,
1105 2067 1245 2130 proquo
1266 2067 1325 2113 con-

123 2153 283 2218 sentiente
320 2152 467 2218 dominus
494 2153 674 2218 iudicatum
703 2151 783 2217 solvi
815 2152 978 2232 exposuit,
1008 2152 1165 2216 iudicium
1198 2151 1325 2231 accipere

120 2252 677 2338 deUdDdddQ

203 2353 234 2420 4.
258 2355 357 2421 Cuius
379 2356 508 2420 nomine
531 2357 603 2437 quis
626 2357 787 2421 actionem
810 2355 881 2420 dari
904 2355 966 2420 sibi
988 2355 1185 2435 postulabit,
1214 2356 1241 2420 is
1267 2371 1322 2417 eun

119 2458 182 2523 viri
199 2457 275 2523 boni
289 2459 453 2525 arbitratu
475 2455 642 2523 defendat:
662 2463 695 2522 et
717 2457 757 2536 ei,
777 2475 840 2538 quo
863 2457 991 2521 nomine
1007 2463 1094 2537 aget,
1112 2457 1147 2520 id
1169 2455 1321 2522 ratumha·

119 2562 197 2627 bere
221 2579 309 2640 eum,
334 2560 376 2625 ad
399 2577 552 2640 qucrnea
579 2577 632 2625 res
656 2560 808 2640 pertinet,
831 2557 907 2623 boni
929 2559 991 2623 viri
1014 2559 1178 2624 arbitratu
1199 2557 1319 2624 satisdet.

120 2661 537 2747 mensumn

203 2762 233 2830 5.
270 2763 363 2842 Quod
378 2765 594 2846 cuiuscunque
606 2763 828 2828 universitatis
842 2763 970 2827 nomine
980 2767 1109 2844 agatur,
1133 2813 1140 2828 .
1160 2812 1167 2827 .
1190 2813 1198 2827 .
1225 2762 1276 2845 (U.
1285 2761 1317 2822 10.

118 2867 332 2950 Dddm

205 2967 234 3034 6.
271 2967 304 3033 Si
327 2969 398 3051 quis
417 2969 548 3050 negotia
572 2968 715 3047 alterius
736 2968 802 3031 sive
821 2968 893 3048 quis
912 2968 1053 3048 negotia,
1073 2984 1156 3048 quae
1179 2967 1315 3044 cuiusque.

119 3089 218 3153 quum
252 3072 280 3136 is
311 3071 463 3150 moritur,
493 3069 624 3150 fuerint,
658 3069 808 3150 gesserit:
839 3069 995 3134 iudicium
1026 3086 1064 3133 eo
1093 3069 1222 3133 nomine
1246 3065 1315 3132 dabo.

119 3172 175 3258 (U.
198 3178 248 3238 10.
272 3173 316 3239 D.
339 3175 370 3253 3,
391 3176 421 3253 5,
444 3174 466 3233 3
482 3172 550 3255 pr.)

204 3273 275 3358 (De
298 3274 656 3340 calumniatoribus.
696 3272 733 3339 U.
757 3277 808 3337 10.
830 3269 873 3336 D.
891 3277 921 3351 3,
937 3276 968 3350 6,
992 3277 1026 3351 1;
1043 3276 1074 3350 3,
1091 3275 1137 3352 2.)

203 3378 258 3443 De
282 3368 320 3441 in
341 3377 547 3458 integrum
573 3375 923 3440 restitutionibus.
958 3373 985 3436 1.
1009 3373 1101 3451 Quod
1120 3379 1226 3440 metus
1242 3385 1316 3438 consa

121 3484 248 3559 gestum
275 3480 347 3559 erit,
369 3485 479 3544 ratum
501 3497 565 3542 non
592 3477 726 3542 habebo.
771 3474 828 3557 (U.
851 3479 900 3540 11.
922 3476 966 3542 D.
990 3481 1020 3554 4,
1044 3481 1077 3555 2,
1101 3477 1142 3559 1.)

204 3578 234 3645 2.
244 3579 334 3657 Quae
345 3582 418 3646 dolo
428 3582 513 3645 malo
522 3578 607 3644 facta
617 3596 686 3643 esse
697 3578 888 3658 dicentur,si
899 3579 938 3644 de
947 3579 999 3643 his
1008 3577 1105 3643 rebus
1114 3578 1181 3643 alia
1190 3576 1317 3643 actiomn

121 3681 193 3762 erit,
213 3686 247 3747 et
259 3683 453 3748 iustacausa
472 3700 543 3747 esse
561 3679 733 3759 videbitur,
748 3680 904 3745 iudicium
923 3667 1318 3762 dabo.(U.11.D.4,3,1,t-)

206 3781 236 3848 3.
260 3783 353 3860 Quod
372 3803 444 3849 cum
453 3786 586 3863 minore,
602 3801 700 3865 quam
715 3782 984 3863 vigintiquinque
1003 3782 1096 3846 annis
1111 3787 1203 3861 natu,
1219 3781 1318 3862 gastun

122 3905 192 3952 esse
208 3886 344 3966 dicetur,
361 3888 410 3951 uti
425 3904 572 3968 quaeque
585 3904 638 3950 res
652 3885 724 3964 erit,
739 3885 1002 3948 animadvertam.
1018 3882 1074 3965 (U.
1085 3884 1132 3946 11.
1139 3882 1183 3948 D.
1192 3886 1222 3962 4,
1231 3869 1319 3959 4,1,1·)

205 3985 235 4051 4
258 3986 321 4064 Qui
343 4006 465 4070 quaeve
488 3993 700 4069 posteaquam
719 3987 798 4068 quid
820 4005 892 4050 cum
907 3986 958 4050 his
977 3992 1086 4050 actum
1106 3989 1318 4051 contractans

123 4092 175 4170 sit,
194 4091 301 4172 capite
321 4088 479 4153 deminuti
498 4090 684 4155 deminutae
703 4106 772 4153 esse
792 4088 950 4166 dicentur,
972 4088 1005 4152 in
1025 4105 1079 4152 eos
1098 4105 1196 4152 easve
1213 4077 1319 4168 perinde

124 4193 217 4275 quasi
239 4194 272 4258 id
289 4190 412 4256 factum
430 4210 492 4255 non
515 4192 568 4271 sit,
587 4190 740 4255 iudicium
759 4189 850 4254 dabo.
885 4189 941 4272 (U.
960 4191 1010 4253 12.
1033 4190 1078 4253 D.
1104 4191 1135 4268 4,
1150 4192 1180 4267 5,
1199 4192 1230 4266 2,
1246 4179 1281 4266 1.)

207 4292 236 4359 5.
273 4294 307 4359 si
330 4295 421 4358 cuius
444 4293 522 4373 quid
545 4291 584 4357 de
607 4293 714 4372 bonis,
738 4310 809 4357 cum
832 4292 859 4356 is
882 4297 972 4356 metu
993 4296 1052 4356 aut
1075 4292 1143 4357 sine
1168 4281 1320 4358 dolando

122 4400 323 4408 ——Q

192 4431 217 4492 1)
236 4429 321 4484 Didi.
341 4429 378 4482 D.
396 4433 424 4491 2,
442 4431 468 4482 9.
487 4457 520 4466 -
539 4429 566 4493 2)
584 4426 727 4495 Inscriptio
745 4427 842 4480 mutila
860 4428 909 4480 est.
928 4425 986 4479 Mo.
1004 4426 1101 4480 conicit
1119 4423 1267 4480 ‘uxxvut
