2916 4860
123 351 185 414 238
654 349 807 416 Scriptores.

123 521 281 587 Celeres
308 522 432 602 antiqui
459 521 611 585 dixerunt
634 539 714 601 quos
737 539 821 585 nunc
850 521 975 601 equites
1003 521 1153 600 dicimus,
1189 541 1208 585 a
1232 520 1348 614 Celere,

128 623 333 688 interfectore
362 623 469 701 Remi,
501 624 556 704 qui
583 623 676 686 initio
700 642 719 686 5
742 623 878 686 Romulo
897 623 936 685 iis
959 625 1167 704 praepositus
1189 621 1268 702 fuit3
1298 627 1348 706 qui

122 726 273 806 primitus
301 724 395 789 electi
421 722 554 787 1551555
581 743 620 788 ex
648 723 784 804 singulis
813 724 911 787 curiis
942 724 1032 803 deni,
1064 725 1202 806 ideoque
1226 728 1346 790 omniuo

121 826 199 892 CCC
222 825 320 890 fuere.
365 824 400 888 Ρ.
424 828 473 889 55.
1198 906 1200 909 ¹

122 927 266 992 Censio
288 927 471 991 hasteria
495 928 673 1005 dicebatur,
697 945 769 990 cum
784 926 887 1005 ¹militi
909 928 1031 991 multae
1050 929 1179 992 nomine
1198 929 1240 992 ob
1259 930 1346 993 delic-

42 1046 45 1053 ·
120 1037 189 1093 tum
215 1028 356 1092 militare
379 1029 593 1105 indicebatur,
617 1028 704 1108 quod
726 1027 838 1092 hastas
859 1028 963 1092 daret.
1008 1028 1043 1093 P.
1065 1032 1116 1093 54.
1368 1040 1370 1042 ·

120 1129 348 1195 0555155515
365 1128 474 1194 155515
490 1130 658 1195 dicebatur
676 1147 796 1208 censor,
816 1147 887 1192 cum
905 1131 1041 1194 multam
1053 1130 1156 1211 equiti
1173 1132 1344 1213 irrogabat.

120 1231 157 1297 P.
175 1234 226 1296 54.

121 1332 313 1397 Censores
337 1334 424 1413 dicti,
450 1334 533 1414 quod
556 1351 624 1396 rem
647 1352 738 1397 suam
763 1334 899 1414 quisque
927 1333 1012 1397 tanti
1040 1333 1217 1398 aestimare
1240 1333 1342 1398 solitus

121 1436 173 1514 sit,
197 1436 311 1516 quanti
333 1435 381 1498 illi
404 1435 594 1499 censuerint.
640 1434 674 1497 P.
692 1439 743 1498 58.

120 1535 264 1600 055551
288 1536 485 1601 55555555
505 1536 579 1617 agri
595 1537 723 1616 proprie
742 1535 959 1616 appellantur,
979 1538 1034 1617 qui
1052 1541 1086 1600 ct
1104 1539 1169 1601 emi
1187 1543 1223 1602 et
1241 1539 1340 1603 555115

119 1641 190 1703 1515
213 1638 297 1702 515111
319 1642 462 1718 possunt.
507 1636 542 1701 P.
570 1640 620 1702 58.

119 1738 375 1804 Centenariae
405 1757 523 1803 coenae
551 1739 742 1803 dicebantur
768 1739 800 1803 in
829 1757 909 1820 quas
936 1739 1007 1820 lege
1034 1739 1158 1803 Licinia
1189 1760 1254 1805 uon
1277 1743 1341 1822 plus

120 1842 322 1906 centussibus
344 1845 477 1921 praeter
496 1846 584 1904 terra
603 1845 683 1905 nata
702 1840 959 1921 impendebatur,
978 1841 998 1904 i.
1017 1859 1042 1904 e.
1063 1846 1194 1906 centum
1214 1844 1341 1919 assibus,

119 1943 174 2023 qui
198 1947 292 2006 erant
314 1941 429 2006 breves
452 1943 541 2006 numi
564 1960 602 2005 ex
624 1960 707 2007 5515.
752 1941 788 2005 Ρ.
810 1947 860 2006 54.

118 2043 429 2108 Centumviralia
465 2043 585 2111 iudicia
615 2063 633 2107 a
665 2044 872 2108 centumviris
904 2049 980 2108 5555
1010 2046 1107 2110 dicta.
1160 2045 1246 2110 Nam
1278 2065 1340 2111 cum

121 2149 228 2209 essent
249 2145 369 2208 Romae
392 2143 516 2207 XXXV
540 2145 655 2224 tribur,
680 2164 764 2226 quae
787 2151 820 2209 et
839 2147 948 2210 curiae
967 2153 1044 2211 sunt
1062 2149 1181 2227 dietae,
1207 2150 1291 2212 terni
1309 2166 1341 2211 511

119 2246 254 2327 singulis
271 2245 421 2310 tribubus
438 2250 517 2310 sunt
536 2247 630 2310 electi
647 2247 689 2311 ad
708 2246 926 2327 iudicandum,
951 2249 1222 2328 quiceutumviri
1240 2251 1341 2332 appel·

118 2348 178 2413 lati
201 2353 291 2424 sunt;
315 2353 348 2412 et
370 2346 448 2411 licet
471 2349 611 2429 quinque
635 2348 773 2428 amplius
796 2367 894 2429 quam
917 2355 1046 2414 centum
1069 2349 1206 2430 fuerint,
1229 2356 1340 2428 tamen,

121 2468 183 2532 quo
206 2448 334 2514 facilius
356 2450 609 2528 nominarentur,
633 2451 826 2513 centumviri
848 2456 924 2514 sunt
948 2451 1035 2515 dicti.
1081 2451 1115 2514 P.
1144 2455 1195 2516 54.

118 2552 312 2617 05555115
331 2552 363 2614 15
382 2552 469 2632 agris
487 2549 649 2632 significat
667 2550 717 2616 00
736 2553 860 2632 iugera,
884 2553 917 2615 in
936 2570 971 2615 15
989 2552 1126 2617 militari
1148 2552 1172 2617 C
1191 2553 1338 2619 homines

118 2653 153 2717 P.
181 2655 231 2717 53.

118 2755 347 2820 05115511555
374 2755 504 2819 55511515
524 2756 604 2819 15515
631 2755 758 2819 5511555
781 2756 988 2835 dicebantur,
1017 2757 1093 2836 quia
1122 2759 1265 2838 populus
1286 2759 1340 2822 Ro

116 2849 312 2938 manus'per
331 2862 483 2921 centenas
506 2861 632 2921 turmas
655 2857 779 2920 divisus
802 2863 882 2932 erat.
928 2856 962 2920 Ρ.
985 2860 1036 2921 54.

35 2998 37 3001 -
118 2957 389 3023 centuriatus
421 2976 500 3038 ager
528 2958 561 3020 15
593 2958 717 3022 ducena
748 2959 862 3038 iugera
887 2957 1050 3037 delinitus
1083 2960 1160 3040 quia
1193 2960 1339 3025 Romulus

118 3062 260 3126 centenis
283 3061 406 3125 civibus
429 3061 552 3124 ducena
574 3061 685 3140 iugera
709 3059 833 3124 tribuit.
877 3059 912 3126 P.
934 3063 985 3124 53.

117 3162 284 3227 Classici
302 3167 403 3226 testes
419 3162 612 3226 dicebantur
631 3162 686 3243 qui
700 3162 866 3242 signandis
876 3163 1082 3227 testamentis
1093 3163 1337 3229 adhibebantur.

116 3264 151 3328 P.
175 3269 227 3329 56.

116 3366 315 3431 Coelibari
347 3365 443 3429 115555
471 3370 571 3444 caput
601 3365 754 3429 nubentis
785 3367 988 3444 comebatur,
1021 3383 1107 3448 quae
1145 3369 1181 3430 in
1215 3384 1337 3448 corpore

118 3467 307 3548 gladiatoris
317 3466 463 3530 stetisset
473 3466 591 3530 abiecti
601 3467 770 3546 occisique,
783 3472 820 3530 55
828 3468 1097 3547 quemadmodum
1108 3468 1336 3534 illaconiuncta

115 3568 215 3632 fuerit
247 3587 317 3632 cum
350 3586 483 3648 corpore
512 3567 715 3648 gladiatoris,
747 3569 793 3632 sic
815 3570 887 3648 ipsa
914 3588 985 3633 curn
1013 3570 1081 3633 viro
1104 3571 1163 3649 sit3
1197 3573 1250 3637 551
1271 3571 1334 3652 quia

116 3675 285 3758 matronae
312 3669 441 3733 Iunonis
465 3667 585 3732 Curitis
608 3670 641 3732 in
668 3670 774 3733 tutela
797 3671 871 3745 sint,
895 3690 978 3751 quae
1001 3671 1049 3734 155
1072 3672 1301 3752 appellabatur
1320 3689 1334 3733 5

115 3760 249 3836 15155115
272 3771 376 3851 basta,
401 3789 486 3852 quae
508 3770 620 3852 lingua
640 3769 830 3836 Sabinorum
850 3770 955 3836 ‘curis‘
975 3772 1108 3850 dicitur3
1127 3808 1173 3819 -
1191 3775 1242 3839 551
1260 3771 1333 3855 quod

114 3875 253 3956 nuptiali
285 3874 355 3938 iure
382 3874 517 3953 imperio
540 3873 601 3935 viri
623 3872 794 3936 subiicitur
816 3875 956 3952 nubens,
989 3873 1065 3954 quia
1091 3873 1193 3940 hasta
1221 3890 1332 3939 summa

116 3995 278 4041 armorum
301 3980 334 4040 et
355 3975 482 4055 imperii
506 3980 570 4040 est:
599 3993 695 4056 quam
718 3976 758 4040 ob
782 3993 914 4040 causam
935 3976 1121 4056 -captivi
1145 3978 1208 4043 sub
1231 3977 1331 4042 eaden

114 4084 260 4143 veneunt.
306 4077 340 4140 Ρ.
367 4081 421 4141 62.
461 4110 462 4113 ¹
1012 4073 1013 4076 ’

115 4178 647 4259 Coenaculadicuntur,adquae
659 4176 755 4241 scalis
766 4174 1067 4241 ascenditurPdd.
1078 4174 1330 4260 (D.43,17,3,7.)

116 4279 304 4361 Cognitor
324 4285 382 4361 est,
403 4280 458 4361 qui
476 4279 566 4342 litem
587 4278 722 4343 alterius
741 4279 875 4358 suscipit
895 4297 1002 4344 coram
1021 4297 1067 4357 eo,
1088 4280 1140 4342 cui
1160 4281 1256 4345 datus
1276 4281 1327 4352 est;

115 4387 307 4460 procurator
329 4389 438 4446 autem
462 4382 606 4445 absentis
628 4381 756 4446 nomine
780 4390 871 4445 actor
892 4380 938 4446 fit.
982 4381 1018 4446 P.
1041 4385 1090 4446 57.
