2916 4860
610 375 715 430 mm
1212 370 1276 437 m
1375 336 1384 349 ⁸

48 553 100 631 iis,
135 551 192 631 qui
223 568 295 614 euna
327 544 516 633 mobommai
544 549 678 614 ardicam
707 544 888 632 deiciebat
911 547 944 611 in
967 546 1101 610 eandem
1124 563 1193 608 rem
1217 541 1276 625 [nel

50 647 530 737 mmumfflmp

49 738 1276 836 mmmmmmmmmmmwmmmm

48 859 129 936 eiua,
152 891 188 903 -
218 855 363 935 exemplo
382 853 644 937 redimendum,
668 853 756 934 opud
777 849 866 938 quor]
891 852 1040 932 expiandi
1064 851 1170 932 gratia
1194 849 1278 913 aries

49 955 203 1043 [iniq-itur
221 957 259 1020 ab
277 977 319 1034 eo,
335 958 391 1039 qui
408 956 528 1020 inuitus
545 952 659 1039 serdus
679 955 818 1034 admisit,
837 973 961 1035 poenae
981 950 1174 1039 p[errdaodue
1189 949 1276 1033 locu]

52 1062 91 1124 F.
113 1064 186 1124 347.

51 1163 243 1242 Subigere
266 1161 400 1225 arietem
419 1161 453 1224 in
471 1160 583 1225 eodem
601 1159 684 1224 libro
702 1157 874 1234 (corariam
887 1166 957 1219 iura
970 1161 1106 1238 pontifici)
1116 1156 1278 1221 Antistius

51 1262 193 1346 (Labeo)
212 1281 281 1327 esse
301 1262 348 1326 ait
366 1263 445 1326 dare
464 1262 609 1340 arietem,
626 1261 682 1341 qui
702 1279 759 1341 pro
779 1280 813 1325 se
832 1266 959 1343 agatur,
980 1260 1143 1325 caedatur.
1162 1262 1277 1324 maol.

50 1365 267 1430 Sublucare
290 1364 423 1428 arbores
447 1368 507 1442 est,
531 1381 636 1427 ramos
660 1381 771 1428 earum
794 1368 973 1442 supputare
992 1368 1026 1426 et
1043 1362 1144 1427 veluti
1163 1367 1278 1441 suptus

49 1468 157 1533 lucem
179 1466 323 1543 mittere;
348 1465 517 1552 conlucare
540 1468 659 1543 autem,
683 1465 815 1529 succisis
838 1463 1010 1529 arboribus
1031 1465 1137 1529 locum
1156 1463 1279 1544 inplere

50 1569 133 1633 luce.
171 1567 208 1631 F.
231 1571 305 1631 348.
343 1567 399 1648 (Cf.
419 1564 577 1648 Klima.)

52 1669 129 1734 Sub
157 1688 221 1733 vos
251 1669 362 1748 placo
385 1669 419 1732 in
441 1669 590 1748 precibus
613 1666 679 1730 fere
703 1685 774 1731 cum
797 1667 924 1746 dicitur,
948 1665 1108 1748 significat
1129 1667 1172 1746 id,
1194 1667 1280 1747 quod

53 1770 210 1852 supplico,
235 1772 325 1834 utin
349 1770 490 1850 legibus:
515 1773 679 1850 ‘transque
698 1767 795 1847 dato',
814 1770 970 1850 ‘credoque
989 1767 1136 1848 prorato’.
1160 1767 1197 1832 F.
1206 1771 1279 1831 309.

55 1872 303 1951 Superstites
333 1874 574 1953 (praeacutas)
606 1876 707 1934 testes
743 1876 930 1951 praesentes
961 1868 1157 1951 significat13
1189 1871 1280 1934 cuius

55 1973 104 2037 rei
128 1974 350 2037 testimonium
375 1978 433 2052 est,
458 1974 543 2054 quod
566 1973 796 2053 superstitibus
815 1973 1038 2052 praesentibus
1058 1974 1077 2051 i,
1097 1973 1182 2036 inter
1201 1989 1280 2053 quos

54 2077 277 2140 controversia
299 2081 359 2155 est,
382 2075 539 2139 vindicias
563 2092 689 2138 sumere
711 2074 943 2139 iubentur.²-
961 2073 998 2138 F.
1021 2079 1092 2138 305.

54 2173 333 2262 Supp[remum]
356 2176 500 2240 -alias
523 2173 714 2256 autrepierre
734 2171 920 2262 saporumq,
945 2183 981 2240 ut
1004 2176 1037 2240 in
1056 2176 1183 2257 legibus
1202 2174 1278 2238 XII:

54 2279 97 2360 (1,
115 2279 155 2360 9.)
191 2277 293 2343 ‘Solis'
316 2290 362 2338 erc.
382 2313 424 2323 —
442 2273 536 2362 [olias
548 2272 624 2362 pro]
644 2278 791 2355 maximo,
807 2296 879 2342 curn
898 2279 976 2342 duas
999 2273 1081 2362 [onos
1099 2283 1128 2342 ct
1146 2278 1280 2354 triptota

27 2375 163 2465 'bordes
185 2398 392 2460 suppremam
415 2378 562 2461 mul[toau
584 2378 743 2462 moereret]
777 2379 812 2444 F.
835 2384 906 2444 305.
1015 2406 1017 2413 ·

55 2480 231 2546 Tabellis
261 2499 317 2561 pro
346 2481 468 2545 chartis
493 2480 669 2545 utebantur
692 2481 827 2562 antiqui,
851 2483 968 2563 quibus
992 2483 1077 2546 ultro
1101 2482 1190 2559 citro,
1214 2481 1281 2544 sive

55 2584 212 2666 privatim
231 2585 297 2649 sive
316 2583 444 2664 publice
459 2601 539 2664 opus
559 2589 638 2663 erat,
659 2584 811 2649 certiores
830 2585 981 2649 absentes
995 2582 1167 2649 faciebant.
1187 2583 1280 2648 Unde

53 2684 163 2750 adhuc
190 2684 349 2750 tabellarii
380 2685 544 2763 dicuntur,
576 2691 610 2749 et
643 2685 781 2750 tabellae
811 2687 929 2750 missae
959 2687 1000 2750 ab
1023 2685 1280 2766 imperatoribus.

53 2788 92 2852 L.
117 2790 189 2850 356.
219 2787 287 2852 Mo.
309 2791 361 2852 68.

55 2889 260 2953 Tablinum
280 2890 424 2969 proxime
440 2890 558 2954 atrimn
575 2890 665 2953 locus
684 2889 812 2966 dicitur,
826 2891 912 2970 quod
927 2890 1051 2971 antiqui
1070 2889 1281 2969 magistratus

55 2992 89 3055 in
107 3009 165 3055 suo
184 2992 319 3071 imperio
334 2991 646 3057 tabulis³1·ationum
663 2991 709 3055 ibi
723 2989 887 3055 habebant
902 2991 1103 3071 publicarum
1119 2989 1281 3053 rationum

54 3111 156 3156 causa
179 3090 301 3157 facturn
324 3087 435 3157 locum.
472 3095 508 3154 F.
531 3096 602 3155 356.
639 3092 704 3156 Mo.
727 3098 778 3156 66.
801 3096 851 3156 85.

55 3193 239 3259 'salionis
262 3196 456 3258 mentionem
478 3192 549 3259 fieri
571 3196 603 3257 in
623 3195 685 3258 XII
704 3193 743 3275 (a,
761 3197 791 3274 2)
812 3196 860 3258 ait
879 3195 1013 3259 Verrius
1031 3194 1091 3258 hoc
1109 3193 1218 3257 modo:
1239 3191 1284 3255 ‘si

54 3293 247 3360 membrum'
280 3308 325 3356 eto.
370 3295 484 3377 Neque
502 3296 536 3360 id
554 3297 632 3376 quid
651 3290 818 3376 significet,
838 3297 968 3376 indicat,
985 3302 1063 3377 puto
1083 3297 1160 3377 quia
1172 3302 1284 3358 notum

57 3400 121 3473 est;
146 3398 309 3475 permittit
335 3398 420 3462 enim
442 3398 495 3461 lex
517 3416 628 3478 parem
652 3399 838 3463 vindictam.
875 3399 911 3461 L.
934 3403 1007 3463 363.
1046 3398 1113 3462 Mo.
1137 3401 1189 3461 72.

57 3497 181 3562 'Pareat
205 3501 339 3565 verbum
363 3501 494 3580 ponitur
516 3501 549 3564 in
571 3501 622 3579 iis,
647 3519 726 3581 quae
748 3500 907 3570 finiuntur
930 3502 1038 3581 quoad
1060 3500 1151 3580 tangi
1173 3499 1284 3576 liceat,

60 3600 94 3664 in
114 3599 227 3665 litibus
250 3620 378 3683 quoque
397 3600 526 3684 (domici)
545 3603 708 3668 arbitrove
727 3622 799 3667 cum
818 3603 1042 3683 proscribitur,
1062 3603 1169 3683 quoad
1188 3602 1218 3664 ei
1236 3602 1286 3664 ius

58 3701 103 3764 sit
126 3703 301 3782 statuendi,
325 3705 449 3767 taxatio
473 3704 601 3784 dicitur,
626 3723 708 3785 quae
725 3703 762 3769 fit
786 3711 893 3770 certae
916 3724 1067 3770 summae.
1091 3741 1133 3749 -
1160 3706 1197 3764 F.
1214 3707 1284 3767 356.

59 3801 146 3866 Tem
153 3811 342 3883 pestatem
366 3824 423 3886 pro
447 3812 591 3887 tempore
610 3806 795 3888 frequenter
814 3807 965 3871 dixerunt
984 3807 1118 3888 antiqui.
1156 3805 1192 3868 P.
1211 3809 1286 3868 662.

62 3913 146 3992 (ΧΠ,
165 3918 190 3979 1,
209 3906 247 3989 o.)

59 4012 239 4078 Termino
263 4028 356 4073 sacra
379 4007 550 4089 faciebant,
575 4011 660 4090 quod
678 4013 710 4075 in
734 4011 803 4075 eius
822 4010 928 4074 tutela
946 4009 1025 4074 fines
1043 4025 1195 4090 agrorum
1214 4025 1284 4070 esse

132 4181 157 4242 1)
175 4178 316 4246 Perperam
335 4177 409 4231 Seru.
427 4180 494 4231 Aera.
513 4183 538 4240 3,
556 4182 621 4231 339:
640 4179 788 4246 ‘Superstes
806 4179 972 4245 praesentem
991 4176 1143 4244 signifieat'.
1154 4174 1222 4237 —2)
1243 4174 1296 4226 Cf„

62 4266 118 4319 (lic.
137 4282 168 4332 p.
191 4264 267 4317 Mur.
289 4268 334 4330 12,
356 4263 444 4331 ibique
465 4263 559 4317 Orellia'
576 4267 660 4319 notas.
684 4293 717 4302 -·
738 4266 764 4329 3)
783 4265 833 4316 Hie
853 4261 913 4314 finis
932 4264 973 4314 est
991 4261 1103 4328 paginae
1121 4257 1176 4312 cod.
1195 4258 1283 4322 Facu„

62 4350 137 4404 onae.
155 4348 302 4416 supplerit:
322 4347 485 4416 ‘reponendis
504 4364 562 4402 eum
582 4349 799 4415 destinaverant,
814 4347 870 4400 Mo.
892 4348 981 4398 autem
1000 4344 1079 4399 verba
1098 4344 1237 4412 sequentia
1258 4344 1287 4396 in

62 4450 154 4501 apogr.
174 4432 260 4485 Vatic.
279 4433 390 4486 invenit.
