2916 4860
440 1015 624 1127 elas
660 1015 909 1183 ruram
1007 1157 1009 1162 .

528 1239 830 1340 LEGES.

564 1465 781 1540 CAPUTI.

390 1641 610 1709 LEGES
663 1639 962 1716 REGIAE.¹

556 1791 785 1848 GENERALIA.

143 1920 171 1985 1.
191 1920 384 2004 Pomponius
402 1921 551 1986 cnoliirid.
570 1920 628 2006 (D.
649 1928 678 2002 1,
700 1927 733 2002 2,
756 1927 793 2000 2,
815 1923 859 2005 1).·
876 1923 973 1988 Initio
992 1924 1135 1990 civitatis
1155 1931 1286 1992 nostrae

57 2023 197 2103 populus
220 2023 289 2088 sine
311 2024 382 2104 lege
405 2030 502 2103 certa,
527 2024 595 2088 sine
621 2025 692 2088 iure
721 2031 809 2090 certo
836 2025 976 2106 primum
1007 2045 1104 2108 agere
1132 2028 1284 2109 instituit,

57 2125 229 2206 omniaque
257 2145 355 2189 manu
383 2145 402 2189 a
425 2125 555 2207 regibus
587 2127 864 2207 gubernabantur.
902 2127 1022 2192 Postea
1048 2164 1091 2173 -
1112 2128 1284 2194 Romulum

57 2227 200 2290 traditur
227 2227 382 2306 populum
404 2228 437 2290 in
460 2227 596 2309 triginta
618 2233 729 2307 partes
752 2229 909 2309 divisisse,
933 2248 1014 2310 quas
1044 2235 1154 2310 partes
1176 2232 1284 2297 curias

57 2329 245 2409 appellavit,
263 2365 306 2373 —
324 2334 357 2391 et
379 2329 427 2392 ita
448 2330 537 2410 leges
565 2330 722 2410 quasdam
750 2334 782 2394 et
805 2332 875 2411 ipse
899 2331 1041 2396 curiates
1063 2333 1104 2396 ad
1127 2334 1282 2413 populum

58 2431 146 2508 tulit3
171 2430 319 2494 tulerunt
346 2435 379 2495 et
401 2435 573 2512 sequentes
596 2450 696 2512 reges.
741 2429 770 2496 2.
795 2432 926 2497 Tacitus
949 2436 1033 2510 (oraro.
1057 2437 1161 2512 3,26):
1182 2434 1283 2500 Nobis

58 2532 214 2597 Romulus
243 2536 280 2596 ut
314 2531 443 2597 libitum
474 2532 732 2613 imperitarent,
765 2534 838 2599 dein
870 2533 976 2600 Numa
1007 2536 1217 2616 religionibus
1250 2543 1283 2601 et

124 2720 151 2786 1)
168 2717 245 2771 Inter
266 2716 366 2781 libros,
389 2718 435 2787 qui
459 2717 491 2771 de
510 2733 604 2787 regum
623 2718 729 2786 legibus
747 2722 810 2772 sunt
829 2720 934 2789 scripti,
952 2720 1067 2788 primum
1086 2721 1171 2774 locum
1190 2723 1281 2775 tenet:
1320 2735 1322 2740 ·

56 2802 183 2870 Dirlcsciq
207 2802 357 2857 Ucbersicbt
375 2802 399 2855 d.
419 2803 511 2873 bmloer.
528 2802 658 2857 chsucbe
674 2819 696 2858 u.
715 2804 891 2874 Henstellnnq
908 2805 933 2859 d.
947 2806 1040 2860 Teates
1057 2804 1083 2858 d.
1097 2805 1283 2859 Ucberblcobsel

55 2905 78 2941 o.
97 2887 123 2945 d.
142 2887 267 2941 Gesctzcn
285 2887 311 2941 d.
333 2893 398 2941 rdm.
417 2887 532 2956 Kb'no'pe.
552 2889 1280 2958 (Versuclteu.KrttiIc—d.R.R.1823.p.234—58.)

55 2971 105 3036 Qui
128 2972 279 3025 laudandus
302 2972 408 3040 quidem
427 2975 481 3036 est,
505 2973 574 3041 quod
592 2976 692 3042 primus
711 2976 816 3042 ineptas
834 2975 901 3029 istas
923 2976 1014 3044 legum
1032 2975 1153 3028 fictiones
1172 2984 1278 3035 eccon-

55 3056 241 3124 figurationes,
264 3057 358 3126 quibus
375 3058 516 3126 scriptores
534 3059 619 3112 nostri
637 3059 698 3113 inde
716 3076 733 3113 a
750 3075 817 3114 saec.
836 3060 902 3113 XVI
919 3059 1132 3123 delectabantur,
1155 3058 1280 3113 funditus

55 3142 159 3207 reiecit3
183 3158 274 3210 parem
296 3143 401 3196 verosi
425 3142 457 3196 de
479 3143 605 3197 Romanis
634 3160 735 3213 quoque
760 3144 933 3212 scriptoribus
957 3144 1106 3212 peregisset
1133 3159 1280 3207 censuram,

54 3227 134 3280 etiam
154 3230 256 3281 ceteras
274 3226 329 3280 iere
347 3243 437 3280 omnes
455 3244 520 3296 quas
538 3229 639 3296 recepit
661 3230 735 3297 leges
752 3230 840 3297 regias
858 3229 967 3283 reticere
985 3228 1086 3283 debuit.
1114 3228 1179 3293 Quis
1198 3228 1278 3295 eninr,

54 3314 83 3364 ut
99 3313 149 3365 hoc
164 3328 245 3364 unum
259 3311 354 3380 dicam,
371 3313 488 3380 patriam
502 3315 672 3382 potestatem,
690 3315 934 3379 confarreationem,
953 3329 1086 3367 sacrorum
1095 3312 1163 3365 ritus
1173 3312 1280 3380 legibus

54 3395 162 3449 curiatis
184 3394 350 3450 introductos
373 3398 450 3451 hodie
473 3397 633 3453 crediderit?
669 3399 746 3453 Unde
768 3399 886 3468 captiosa
909 3398 965 3451 eius
988 3399 1029 3450 est
1054 3396 1188 3459 collectio,
1213 3413 1279 3464 quae

54 3481 159 3533 reiectis
170 3480 328 3550 quibusdam
345 3482 458 3550 receptis
476 3483 571 3536 ceteris
589 3483 758 3538 ranam-fidei
767 3485 881 3552 speciem
896 3482 1014 3550 praebet.
1043 3481 1157 3536 Omnino
1172 3482 1279 3550 quidem

53 3565 124 3634 leges
149 3581 165 3618 a
183 3566 292 3634 regibus
314 3566 392 3621 datas
414 3583 485 3631 esse,
507 3584 560 3620 non
578 3568 601 3620 is
618 3561 689 3630 sum,
708 3570 754 3638 qui
772 3584 881 3636 negem;
905 3567 982 3620 fictas
1007 3569 1098 3620 autem
1116 3567 1170 3620 fere
1188 3583 1278 3620 omnes

55 3665 121 3713 esse,
147 3666 213 3718 quas
231 3651 344 3704 Romani
365 3651 441 3704 nobis
463 3650 634 3720 prodiderunt
657 3653 731 3722 leges
754 3655 854 3722 regias,
878 3651 906 3705 id
924 3651 1083 3705 contendere
1101 3668 1153 3705 non
1172 3651 1276 3706 dubito.

54 3733 139 3787 llenm
157 3735 244 3802 igitur
263 3735 290 3787 id
309 3739 415 3789 tantum
434 3752 490 3790 esse
504 3738 606 3804 putavi,
623 3741 654 3792 ut
672 3739 853 3807 antiquissimi
869 3738 935 3792 iuris
949 3737 1073 3804 vestigia,
1092 3751 1158 3804 quae
1178 3736 1279 3804 aregi-

54 3817 100 3871 bns
118 3820 232 3873 Romani
252 3823 386 3888 repetunt,
404 3821 432 3873 in
450 3837 532 3874 unum
550 3822 714 3892 colligerem,
732 3824 760 3876 in
778 3823 864 3877 medio
883 3822 1046 3891 relinquens,
1064 3824 1154 3874 utrum
1172 3819 1278 3888 legibus

55 3919 110 3956 vere
129 3904 284 3958 introducta
302 3905 357 3961 sint
370 3922 462 3961 necne.
491 3906 575 3972 Quam
590 3908 623 3961 ob
639 3924 746 3961 cansam
761 3907 881 3962 consulto
890 3907 971 3960 etiam
982 3906 1139 3960 manifestas
1148 3903 1278 3969 Dionysii,

54 3990 141 4057 magni
158 3990 233 4043 illius
252 3989 472 4053 confabulatoris,
490 3980 596 4044 fabulas
614 3993 714 4060 recepi,
733 3996 764 4046 ut
781 4007 911 4061 quaenam
929 3991 978 4044 isti
996 3990 1045 4044 hac
1063 3991 1091 4043 in
1109 4004 1136 4042 re
1154 3985 1279 4041 habenda

55 4073 86 4125 sit
104 4072 179 4138 fides,
197 4074 298 4127 clarius
315 4075 515 4142 perspiceretur.
527 4077 635 4130 —Post
644 4077 813 4130 Dirlrsenium
833 4076 864 4131 de
883 4076 989 4144 legibus
999 4075 1081 4143 regiis
1090 4072 1277 4140 disputarunt:

55 4156 166 4226 Rumon,
185 4164 253 4213 udor.
277 4158 348 4226 Vcoqi.
366 4163 443 4213 1839.
462 4163 610 4214 399-430.
647 4161 802 4230 Scbwcqler,
821 4166 886 4215 idm.
907 4160 999 4214 cerco.
1018 4158 1276 4222 1853.1,23-28.

54 4242 155 4312 Zmnpt,
175 4244 334 4298 Grioninnlr.
354 4245 380 4299 d.
398 4249 464 4299 crim.
484 4245 552 4315 Rep.
572 4249 818 4310 1865.1,15-41.
855 4245 1015 4307 Modestoco,
1034 4243 1058 4296 d.
1080 4240 1185 4306 Sclorc'ft
1202 4257 1232 4294 n.
1250 4240 1277 4293 d.

55 4332 113 4380 rdet.
137 4328 211 4383 Ko'n.
236 4333 314 4383 1871.
337 4333 451 4384 28-46.
488 4331 649 4398 Mommsen,
671 4336 736 4386 uduo.
760 4328 1277 4392 Stootsrccbt.1874.2,33—44.-

101 4417 187 4466 Brund,
201 4415 283 4455 Fontes
297 4415 357 4455 iuris.
380 4415 418 4455 Ed.
433 4415 472 4456 Ill.
1056 4412 1071 4465 1
