2916 4860
541 1473 903 1572 nxrnrenrlo
1005 1577 1007 1581 ,
1076 1486 1083 1493 ’

453 1664 675 1716 SIGNORUM
697 1665 751 1714 ΕΤ
774 1665 995 1716 ΝΟΤΑΒΠΜ.

177 1865 287 1918 Literoe
305 1867 427 1919 carsiocc
444 1865 541 1934 ubique
560 1866 641 1919 rerba
659 1867 702 1920 vel
720 1867 826 1919 litteras
841 1867 1004 1935 significant,
1020 1883 1086 1934 quae
1108 1868 1136 1920 in
1153 1870 1229 1921 textu
1244 1868 1334 1921 arche-

116 1953 173 2017 typo
191 1967 243 2003 nou
262 1951 450 2004 inveniuntur:

178 2034 265 2103 [ancre
287 2035 441 2104 quadratis]
466 2036 568 2089 inclusa
591 2039 667 2098 sunt,
690 2037 713 2089 si
736 2052 802 2104 quae
825 2037 852 2088 in
876 2037 1021 2106 archetypo
1039 2041 1085 2091 aut
1103 2038 1269 2107 deperierunt
1287 2043 1335 2091 aut

155 2106 228 2187 'legi
246 2137 298 2173 non
319 2123 441 2188 possunt;

177 2205 415 2272 (ancisrotaade's)
434 2207 537 2259 inclusa
555 2210 625 2269 sunt,
645 2207 668 2259 si
686 2224 753 2275 quae
771 2208 799 2258 in
817 2208 963 2277 archetypo
981 2209 1037 2275 ipso
1056 2209 1151 2261 omissa
1170 2209 1307 2275 videntum

175 2292 231 2344 siae
254 2292 332 2344 naas
354 2293 468 2359 scriptae
493 2296 556 2346 sunt
574 2293 772 2346 emendationes
790 2295 881 2345 textus
901 2293 929 2344 in
948 2293 1091 2360 archetypo
1109 2293 1235 2357 exhibiti,
1258 2296 1333 2348 cuius

175 2377 254 2429 lectio
273 2377 301 2428 in
320 2377 391 2429 notis
409 2377 501 2430 addita
520 2378 643 2431 ‘sicilicis'
662 2382 755 2432 notata
775 2381 825 2430 est.

176 2462 308 2515 Notarum
332 2463 518 2528 supplementa
541 2479 644 2529 semper
666 2464 762 2528 mucis)
786 2463 928 2528 metandis)
951 2468 1046 2518 notata
1069 2467 1144 2531 sunt,
1168 2465 1268 2517 litteris
1286 2468 1334 2517 aut

116 2547 208 2610 nectis)
227 2550 276 2600 aut
295 2537 438 2614 emperors),
458 2550 536 2615 prout
554 2552 618 2601 nota
636 2549 694 2615 ipsa
711 2547 849 2601 scribenda
867 2547 928 2601 fuit.

177 2631 283 2684 Puncta
301 2674 307 2685 .
327 2673 332 2682 .
354 2673 359 2684 .
378 2633 542 2700 significant,
561 2632 700 2685 verbovel
721 2634 827 2686 litteras
845 2633 873 2684 in
891 2633 1035 2702 archetypo
1048 2636 1096 2687 aut
1110 2634 1202 2687 deesse
1216 2637 1263 2687 aut
1278 2635 1332 2702 legi

115 2731 160 2768 non
178 2733 254 2782 posse
271 2733 357 2785 neque
375 2718 441 2770 satis
459 2721 532 2771 corto
554 2717 670 2786 suppleri
688 2734 772 2785 posse.

176 2801 327 2855 Asteriscus
343 2826 355 2851 s
369 2803 513 2869 significat,
533 2820 615 2856 unum
633 2804 678 2856 vel
696 2803 747 2856 duo
765 2806 856 2857 textus
874 2804 957 2857 verba
976 2805 1073 2857 omissa
1091 2820 1161 2866 esse;
1186 2804 1282 2856 lineola
1301 2832 1332 2840 —

115 2885 253 2952 significat,
271 2887 346 2954 plura
365 2888 461 2940 omissa
479 2904 535 2941 esse
554 2887 642 2941 verba.

177 2972 291 3039 Signum
310 2991 351 3022 cx>
369 2973 397 3024 in
415 2973 631 3041 inscriptionibus
650 2973 766 3040 indicat,
784 2974 812 3025 in
830 2973 973 3042 archetypo
991 2978 1095 3041 partem
1112 2988 1202 3025 versus
1221 2988 1333 3024 vacuam

115 3057 231 3110 relictam
250 3074 314 3111 esse.

177 3143 303 3196 Lineolae
328 3141 445 3195 directae
465 3144 468 3210 1
489 3143 628 3211 archetypi
652 3160 741 3197 versus
760 3143 890 3206 indicant,
917 3143 994 3196 binae
1013 3144 1126 3196 lineolae
1146 3143 1157 3211 ii
1177 3141 1205 3194 in
1222 3141 1333 3209 inscrip-

113 3226 226 3282 tionibus
250 3232 298 3280 ant
322 3227 429 3280 initium
452 3243 536 3281 novae
560 3229 669 3281 tabulae
693 3230 846 3296 significant
871 3232 918 3280 ant
942 3228 976 3281 ad
1000 3242 1137 3280 numerum
1161 3227 1189 3279 in
1212 3228 1332 3294 margine

113 3316 232 3365 notatum
250 3311 404 3366 referendae
422 3319 495 3366 sunt.

83 3541 88 3560 k
113 3481 153 3533 dc.
173 3481 242 3534 Abh.
262 3505 296 3526 r:-
315 3483 495 3537 academische
515 3483 744 3552 Abhandlungen:

176 3567 248 3621 Berl.
267 3585 305 3622 ac.
323 3569 391 3622 nbh.
409 3593 444 3613 z
461 3569 530 3623 Abh.
549 3569 573 3622 d.
591 3569 715 3621 Berliner
733 3568 811 3623 Acad.
832 3568 856 3621 d.
876 3567 1047 3630 Wissensch.,
1066 3567 1209 3635 phih-hist.
1229 3569 1329 3622 Classe.

176 3653 285 3707 Miinch.
304 3670 343 3707 ac.
363 3655 431 3707 Abh.
449 3677 483 3700 z
501 3655 569 3709 Abh.
589 3655 614 3708 d.
633 3655 740 3707 Miinch.
760 3655 805 3707 Ac.
825 3653 850 3706 d.
871 3653 919 3718 W„
939 3652 1141 3720 philos-philol.
1161 3653 1202 3708 el.

114 3738 207 3790 Annali
226 3760 260 3782 :2
278 3739 368 3790 annali
386 3739 448 3791 dell'
466 3739 594 3792 instituto
613 3733 640 3791 di
658 3739 878 3806 corrispondenza
897 3738 1089 3804 archeologica.

112 3822 171 3876 Bon
186 3846 220 3868 Ξ
238 3823 376 3877 Berichte:

176 3904 328 3962 Berl.'Ber.
350 3933 380 3954 :
398 3909 559 3962 Monatsber.
578 3910 603 3962 d.
624 3911 693 3966 Berl.
712 3908 791 3963 Acad.
811 3910 835 3963 d.
855 3911 1016 3963 Wissensch.

176 3994 264 4061 Leipz.
286 3995 344 4046 Ber.
363 4016 396 4039 z
414 3995 474 4048 Ber.
492 3995 535 4048 nb.
555 3995 581 4048 d.
601 3996 709 4048 Verhdl.
729 3996 754 4049 d.
773 3996 864 4050 Saehs.
883 3994 944 4049 Ges.
963 3996 987 4048 d.
1009 3996 1048 4050 W.
1069 3994 1212 4063 phih-hist.
1231 3994 1272 4047 Cl.

177 4080 265 4133 Wien.
284 4081 343 4134 Ber.
362 4103 396 4127 1:
415 4080 595 4145 Sitzungsber.
616 4080 641 4134 d.
660 4081 766 4134 Wiener
785 4082 829 4135 Ac.
848 4081 873 4134 d.
893 4081 933 4133 W.

114 4164 138 4218 C.
157 4164 176 4218 Ι.
198 4167 226 4219 L.
245 4188 280 4209 z
299 4182 391 4239 corpus
408 4166 610 4232 inscriptionum
629 4167 774 4220 latinarum
793 4168 901 4220 consilio
919 4167 991 4220 acad.
1011 4167 1093 4220 litter.
1113 4167 1217 4218 Boruss.
1237 4163 1276 4217 ed.

115 4250 186 4304 Grut.
204 4276 239 4297 =
258 4251 366 4305 Gruteri
385 4253 526 4304 thesaurus
544 4252 623 4306 inser.
640 4251 680 4306 ed.
700 4252 721 4304 Ι.
741 4253 815 4306 1602.
833 4251 873 4304 ed.
893 4251 927 4304 H.
948 4253 1021 4305 1707.

115 4336 219 4401 Haenel,
239 4354 333 4406 corpus
350 4338 440 4405 legum
459 4337 492 4390 ab
510 4339 573 4406 imp.
591 4339 665 4390 Rom.
686 4341 748 4390 ante
766 4337 863 4390 lustin.
884 4339 1009 4390 latarum.
1030 4337 1103 4389 1857.
