2916 4860
114 369 157 434 22
558 370 644 436 Leges
661 367 714 420 XII
733 368 894 421 tabularum.

201 540 230 606 3.
257 542 362 607 Cicero
384 541 457 623 (top.
474 542 528 623 4.).·
550 560 627 605 usus
643 542 819 604 auctoritas
834 538 926 604 fundi
944 540 1107 605 biennium
1127 544 1239 619 est‚—
1254 545 1339 604 cete-

116 663 226 709 rarum
249 662 357 707 rerum
380 680 421 690 -
444 662 570 707 annuus
594 648 643 707 est
662 662 748 706 usus.

201 745 229 809 4.
253 745 356 810 Gaios
383 745 424 825 (1,
450 748 535 827 111):
560 747 632 826 Iege
655 744 717 807 XII
741 745 807 808 tab.
839 749 969 806 cautum
994 749 1077 821 crat,
1102 744 1128 806 si
1152 762 1216 824 qua
1240 743 1339 808 nollet

117 867 154 913 eo
172 849 266 912 modo
289 847 376 930 (usu)
399 849 430 911 in
455 867 583 912 manum
607 847 714 910 mariti
739 847 915 922 convenire,
938 851 976 909 ut
994 847 1166 926 quotannis
1190 846 1341 909 trinoctio

117 948 245 1014 abesset
264 955 362 1031 atque
385 949 432 1013 ita
455 969 549 1013 usum
572 950 727 1029 cuiusque
746 948 821 1010 anni
845 948 1103 1026 interrumperet.

202 1050 230 1113 5.
262 1072 288 1116 a.
321 1052 353 1116 Sr
367 1075 416 1124 our
430 1075 459 1115 ru
473 1074 540 1115 roan
554 1074 657 1115 unuuu
672 1073 841 1114 cousnanur.
857 1101 862 1112 .
879 1102 884 1112 .
899 1095 940 1099 --
954 1049 984 1112 b.
1011 1049 1080 1131 Uip.
1096 1049 1233 1112 moreaul.
1254 1048 1341 1129 (Vae.

115 1152 159 1232 fr.
177 1155 239 1235 50).·
256 1161 289 1219 et
304 1155 572 1236 mancipationem
586 1161 618 1219 et
629 1156 661 1218 in
671 1155 741 1218 iure
752 1155 926 1219 cessionem
936 1153 987 1216 Iex
999 1152 1061 1215 XII
1072 1155 1136 1217 tab.
1147 1149 1341 1217 confirmat.l

203 1255 232 1318 6.
259 1257 373 1322 Livias
396 1257 439 1338 (3,
461 1257 528 1338 44).·
551 1257 708 1321 Advocati
729 1254 922 1336 (Virginiae)
947 1290 987 1300 —
1009 1254 1184 1333 postulant,
1210 1258 1246 1317 ut
1269 1253 1339 1334 (Ap.

119 1357 284 1438 Claudius)
307 1394 347 1405 -
370 1359 441 1441 lege
465 1362 506 1424 ab
529 1360 598 1439 ipso
614 1359 682 1422 lata
700 1359 856 1423 vindicias
877 1358 933 1422 det
955 1357 1127 1421 secundum
1147 1357 1342 1420 libertatem.

206 1460 232 1526 7.
256 1461 376 1525 Turnum
390 1484 516 1525 mnenon
530 1484 650 1524 seorsus
669 1483 792 1525 vrunnvn
805 1484 840 1523 nr
860 1461 1015 1524 concnmr²
1028 1481 1064 1520 nn
1079 1481 1202 1522 sonnino.

204 1561 233 1625 8.
262 1563 335 1644 Uip.
354 1564 397 1627 oct
418 1565 463 1628 oct.
486 1563 659 1642 (brae,
680 1569 699 1626 1
719 1563 799 1646 prb:
831 1563 897 1626 Lex
920 1562 984 1626 XII
1005 1563 1070 1626 tab.
1094 1580 1197 1642 neque
1221 1562 1343 1625 solvere

120 1666 282 1745 permittit
313 1667 438 1746 tignum
473 1665 629 1730 furtivum
669 1665 801 1730 aedibus
837 1665 887 1729 vel
924 1664 1026 1761 vineis
1060 1664 1202 1726 iunctum
1241 1681 1343 1743 neque

98 1879 106 1896 Χ
189 1866 213 1919 3.
245 1867 467 1924 Ciceronianus
485 1875 586 1938 integer
603 1874 664 1922 haec
683 1874 769 1922 habet:
789 1870 870 1928 ‘Quod
889 1873 916 1920 in
935 1889 961 1920 re
980 1872 1036 1936 pari
1055 1870 1131 1932 valet,
1148 1871 1344 1935 valeatinhao‚

122 1965 185 2013 quae
204 1965 250 2013 par
269 1959 314 2012 est,
333 1961 373 2013 ut,
397 1952 518 2015 quoniam
536 1968 596 2000 usus
614 1952 753 2001 auctoritas
772 1950 845 1999 fundi
865 1950 1000 1999 biennium
1018 1960 1066 2011 est,
1085 1949 1120 1996 sit
1138 1949 1216 1996 etiam
1235 1949 1342 1997 aedium.

122 2028 157 2074 At
175 2026 203 2073 iu
220 2027 276 2090 lege
295 2028 367 2075 aedes
378 2028 601 2092 nonappellantur
619 2037 712 2077 etsunt
730 2036 867 2076 ceterarum
885 2044 969 2076 rerrnn
982 2025 1105 2087 onmium,
1124 2040 1230 2088 quarum
1247 2040 1345 2073 annuus

123 2109 161 2150 est
177 2118 250 2150 usus:
274 2103 357 2152 valeat
375 2105 503 2168 aequitas,
528 2121 592 2170 quae
610 2107 716 2170 paribus
735 2106 763 2154 in
781 2107 866 2154 causis
884 2105 959 2168 paria.
977 2105 1035 2152 iura
1053 2097 1196 2151 desiderat?
1234 2097 1289 2151 Oto.
1309 2100 1342 2164 (p.

124 2172 274 2240 Caco.19):
298 2175 360 2230 ‘Lex
378 2197 451 2229 usum
469 2191 495 2230 et
513 2183 689 2232 auctoritatem
712 2183 785 2231 fundi
810 2183 881 2230 iubet
904 2198 956 2229 esse
980 2174 1132 2229 biennium'.
1169 2173 1231 2228 Gai.
1250 2178 1277 2227 2.
1296 2177 1344 2226 42:

123 2251 290 2322 ί(Πεῖιῖίιρῖο)
308 2257 445 2306 mobIIIum
463 2258 566 2322 quidem
583 2277 667 2309 rerum
686 2277 752 2308 anno
771 2259 925 2323 completur,
943 2258 1016 2306 fundi
1035 2274 1093 2307 vero
1112 2265 1136 2306 et
1153 2256 1256 2304 aedium
1274 2256 1343 2303 bien·

122 2333 175 2395 nio,
194 2340 219 2382 et
235 2334 274 2383 ita
291 2335 347 2397 Iege
363 2332 415 2382 XII
433 2335 482 2383 tab.
502 2345 604 2385 cautum
623 2332 677 2386 ests
695 2336 743 2384 54:
761 2333 808 2384 ‘len
827 2337 895 2384 enim
908 2334 960 2383 XII
974 2336 1023 2385 tab.
1043 2335 1091 2383 soli
1106 2334 1208 2399 quidem
1225 2349 1265 2381 res
1275 2333 1345 2380 bIen-

122 2409 167 2457 nio
185 2411 291 2474 usucapi
311 2412 397 2474 iussit,
415 2420 508 2461 ceteras
526 2429 584 2461 vero
603 2409 686 2462 anno’
704 2408 797 2462 Boetia.
816 2408 908 2460 c'reCic.
919 2413 972 2476 top.
992 2407 1008 2460 l.
1028 2424 1063 2460 c:
1081 2410 1140 2460 ‘Hic
1151 2411 1234 2474 igitur
1245 2409 1344 2458 aedium
1375 2407 1379 2415 “

124 2502 184 2534 usus
202 2481 229 2545 (I)
248 2487 424 2536 auctoritatem
443 2488 549 2537 blennio
568 2490 625 2538 fieri
644 2490 722 2539 sentit
740 2483 865 2548 (Cicero).'

193 2559 217 2611 4.
254 2559 321 2612 Geli.
340 2564 372 2626 (3,
390 2565 417 2626 2,
435 2564 492 2623 13):
512 2560 680 2628 ‘trinoctium
699 2566 765 2630 quod
783 2566 868 2614 abesse
888 2581 902 2613 a
920 2565 976 2613 viro
995 2564 1136 2627 usurpandi
1156 2579 1231 2612 causa
1251 2580 1280 2614 en
1297 2562 1348 2611 XII

125 2639 175 2687 tab.
195 2636 303 2689 deberct'
320 2643 367 2690 eto.

194 2712 218 2765 5.
237 2733 259 2766 a.
296 2713 399 2766 Gelbes
416 2717 470 2782 (20,
489 2718 531 2777 10,
550 2716 573 2765 7.
592 2717 631 2772 St:
655 2713 768 2766 ‘Manum
791 2733 919 2765 conserere
942 2723 992 2778 est,
1015 2716 1045 2764 de
1068 2731 1117 2780 qua
1140 2732 1167 2764 re
1191 2715 1346 2778 disceptatur

125 2791 155 2840 in
172 2792 236 2856 iure,
254 2818 287 2826 —
306 2810 363 2842 cum
388 2794 533 2843 adversario
552 2794 629 2843 simul
652 2809 729 2842 manu
745 2794 880 2856 prendere,
904 2801 927 2841 et
951 2793 980 2841 in
998 2808 1027 2840 ea
1045 2809 1071 2840 re
1090 2792 1246 2840 solemnibus
1264 2791 1346 2840 verbis

125 2869 265 2919 vindicare.
285 2870 417 2935 Correptio
436 2866 596 2932 (consertio?)
619 2886 708 2918 manus
731 2870 760 2918 iu
782 2886 808 2917 re
827 2876 901 2933 atque
919 2869 948 2917 in
970 2869 1025 2916 Ioco
1043 2868 1170 2932 praesenti
1190 2868 1257 2931 apud
1275 2882 1345 2930 prae·

127 2954 206 2994 torem
224 2963 254 2996 ex
270 2945 323 2995 XII
340 2948 390 2996 tab.
409 2948 495 3010 fiebat,
513 2948 542 2996 in
560 2947 653 3010 quibus
671 2946 709 2995 ita
728 2946 851 3009 scrIptum
870 2955 918 2994 est:
939 2957 963 2992 Sl
981 2969 1012 2977 -
1033 2938 1210 2993 consulatum)

195 3027 219 3074 b.
259 3021 375 3090 Ulpiani
391 3025 461 3073 Iocus
484 3024 584 3087 integer
601 3024 662 3071 haec
681 3023 768 3071 habet:
797 3019 963 3086 ‘Pomponius
980 3028 1067 3085 putat,
1085 3038 1136 3070 non
1154 3037 1228 3084 posse
1247 3021 1278 3069 ad
1296 3035 1346 3068 cer·

131 3112 184 3152 tum
209 3111 307 3168 tempus
326 3102 415 3151 deduci
434 3098 637 3163 (usumfructum)
655 3117 701 3149 nee
728 3117 774 3164 per
796 3101 825 3149 in
856 3101 913 3148 iure
935 3099 1074 3147 cessionem
1093 3114 1138 3147 neo
1156 3113 1202 3160 per
1220 3097 1348 3159 mancipa-

130 3181 235 3246 tionem,
254 3182 296 3231 sed
315 3187 413 3231 tantum
431 3177 564 3229 transferri
582 3194 668 3242 posse;
693 3194 739 3242 ego
758 3178 849 3241 didici,
873 3185 897 3226 et
914 3176 1004 3224 deduci
1023 3175 1053 3223 ad
1072 3184 1174 3239 tempus
1187 3190 1271 3238 posse,
1289 3173 1349 3237 qnia

130 3263 155 3305 et
172 3251 294 3321 mancip’.
312 3257 357 3305 ete.

201 3330 224 3382 6.
260 3329 355 3398 Pomp.
374 3329 470 3382 enchir.
491 3327 537 3393 (D.
555 3331 580 3389 1,
598 3330 626 3394 2,
643 3330 670 3389 2,
689 3329 747 3393 ab:
767 3327 913 3394 ‘Virginius
931 3355 964 3363 —
982 3347 1038 3378 cum
1056 3328 1287 3386 animadvertisset,
1304 3328 1350 3388 Ap·

133 3409 269 3458 Claudium
286 3422 373 3460 contra
390 3412 444 3474 ius,
463 3410 529 3474 quod
547 3410 604 3472 ipse
623 3425 653 3457 er
671 3417 753 3459 vetere
771 3408 827 3456 iure
846 3409 875 3456 in
891 3406 943 3456 XII
962 3408 1011 3457 tab.
1030 3407 1206 3469 transtulerat,
1223 3405 1350 3455 vindicias

132 3486 202 3536 fifiae
226 3504 285 3536 suae
308 3503 366 3536 ase
385 3488 512 3537 abdixisse
531 3495 556 3536 θῖ
574 3486 712 3554 secundum
730 3502 799 3548 eum,
818 3485 863 3549 qui
882 3485 911 3534 in
930 3487 1076 3536 servitutem
1095 3484 1220 3548 petierat,
1239 3475 1351 3542 dixisse‚'

131 3567 176 3614 etc.
197 3564 234 3614 Cf.
252 3560 334 3614 Dion.
353 3566 395 3622 11,
413 3565 456 3613 30.
474 3561 536 3613 Lr'o.
553 3563 578 3614 3.
597 3562 638 3611 56.

200 3637 223 3690 7.
242 3637 265 3689 8.
302 3636 373 3690 Fest.
398 3638 539 3706 ‘Tignum
561 3657 612 3690 non
635 3640 716 3688 solum
738 3640 766 3687 in
789 3640 932 3702 aedificiis,
951 3663 982 3671 --
1002 3637 1140 3687 sedetiam
1165 3639 1195 3686 in
1213 3638 1307 3699 vineis,
1325 3643 1351 3684 ut

130 3719 214 3768 estin
232 3717 295 3766 XII:
329 3730 434 3766 monum
452 3745 484 3752 —
503 3712 632 3767 sonrrro'.
669 3711 776 3765 Paulos
797 3711 835 3764 ori
856 3711 896 3765 cci.
924 3712 970 3778 (D.
997 3715 1022 3779 6,
1048 3715 1072 3770 1,
1104 3713 1152 3763 23.
1178 3712 1205 3774 6)
1232 3709 1351 3777 ‘Tignunr

131 3795 245 3844 alienum
263 3796 367 3844 aedibus
385 3797 502 3845 iunctum
520 3812 565 3845 nec
578 3794 708 3845 vindicari
728 3801 810 3856 potest
827 3801 932 3858 propter
949 3793 1033 3857 Iegem
1050 3791 1102 3840 XII
1121 3791 1180 3853 tab,
1199 3807 1243 3840 neo
1263 3807 1291 3838 eo
1309 3805 1352 3837 no·

131 3873 200 3921 mine
219 3872 250 3921 ad
268 3873 439 3922 exhibendum
459 3875 512 3938 agi,
523 3872 607 3921 -sed
625 3881 663 3920 est
680 3873 748 3920 actio
766 3872 873 3936 antiqua
891 3872 920 3920 dc
940 3871 1012 3934 tigno
1023 3870 1118 3930 iuncto,
1137 3883 1200 3931 quae
1210 3867 1239 3914 in
1248 3865 1351 3929 duplum

132 3967 161 4000 ex
178 3951 235 4017 lege
252 3950 304 3999 XII
322 3951 371 3999 tab.
396 3947 541 3999 descendit.’
578 3950 615 4000 Os.
639 3945 664 3998 J.
687 3949 819 4012 2‚1,29.
842 3945 879 4000 D.
898 3948 940 4011 46,
958 3948 984 4010 3,
1001 3946 1045 4009 98,
1064 3946 1089 3993 8.
1108 3940 1175 4007 Hae,
1198 3939 1235 3991 ad
1253 3939 1270 3991 l.
1291 3935 1356 3990 XII

132 4023 184 4078 tab.
203 4022 235 4076 de
252 4024 280 4076 a'.
299 4023 492 4076 iuncto.1837.
517 4021 924 4091 Wrulscber'd,PoacI.§.188.
943 4037 968 4072 a.
987 4022 1099 4074 10—15.

202 4179 226 4239 1)
245 4177 323 4230 Hunc
347 4176 433 4228 locum
456 4191 515 4228 cum
538 4175 622 4242 priore
641 4174 851 4242 coniungendum
871 4191 941 4237 esse,
969 4172 1111 4226 verisimile
1138 4172 1265 4232 nonest,
1292 4166 1350 4236 quia

132 4263 161 4315 iu
183 4263 200 4316 i.
224 4263 241 4315 i.
269 4261 384 4314 cessione
407 4260 643 4313 contravinclicatio
671 4277 729 4311 cum
752 4259 874 4312 manibus
902 4258 1030 4311 consertis
1057 4258 1143 4309 Iocum
1170 4272 1221 4308 non
1249 4251 1351 4307 habuit.

133 4347 195 4402 Gor.
213 4351 240 4411 2,
258 4351 302 4402 24.
320 4377 353 4385 -
371 4347 397 4412 2)
415 4345 484 4399 Mo:
508 4347 530 4399 ‘e
549 4346 689 4412 compage'.
720 4344 749 4398 Ο.
769 4343 896 4397 Mueller:
919 4346 941 4396 ‘c
960 4342 1090 4409 concape'.
1118 4340 1237 4394 ScboeII:
1255 4345 1277 4392 ‘e
1296 4353 1353 4390 con-

133 4434 207 4501 cepi.
236 4433 308 4487 Hie:
331 4434 375 4486 ‘sei
393 4432 530 4501 concapit*
