2916 4860
690 371 794 425 Festus.
1288 374 1351 438 263

122 543 167 606 M.
194 540 275 606 Cato
304 541 417 621 inea,
450 561 547 622 quarn
571 543 717 623 scripsit,
750 544 864 608 aedilis
894 543 998 625 plebis
1030 551 1250 610 sacrosanctos
1281 564 1351 610 esse

124 643 164 706 F.
190 647 262 707 318.

122 744 313 822 Sannina
345 750 499 809 vocantur
526 745 699 826 verbenae,
729 748 748 811 i.
775 766 800 811 e.
825 746 946 812 herbae
969 766 1088 828 purae,
1122 749 1199 828 quia
1223 766 1260 812 ex
1283 750 1353 814 loeo

121 852 239 910 saneto
263 847 508 912 arcessebantur
526 865 545 911 a
564 850 695 913 consule
714 854 912 930 praetoreve,
935 850 1052 930 legatis
1075 846 1352 930 proficiscentibus

121 949 167 1012 ael
188 946 301 1013 foedus
319 946 503 1014 faciendum
522 949 707 1031 bellumque
726 951 948 1028 indicendum
972 951 1022 1014 vel
1041 969 1060 1014 a
1080 950 1262 1030 sanciendo,
1285 952 1305 1014 i.
1326 970 1352 1016 e.

121 1047 351 1115 confirmando.
384 1049 543 1115 Naevius:
582 1052 676 1117 ‘lovis
716 1058 880 1117 sacratum
913 1052 962 1116 ins
993 1052 1166 1116 iurandum
1189 1050 1351 1133 sagmine?

120 1152 160 1215 F.
186 1154 257 1216 321.
304 1150 354 1235 (P.
376 1153 468 1238 320.)

120 1253 277 1317 Saltum
302 1253 415 1319 Gallus
434 1256 545 1320 Aelius
563 1255 582 1320 l.
597 1255 630 1319 Η
645 1253 926 1337 significationum,
944 1274 1026 1336 quae
1050 1255 1092 1320 ad
1110 1256 1158 1320 ius
1177 1255 1351 1334 pertinent,

121 1356 170 1419 ita
191 1352 317 1420 definit:
342 1357 454 1422 ‘saltus
472 1364 532 1437 est,
556 1358 612 1422 ubi
631 1358 730 1422 silvae
753 1363 787 1422 et
805 1358 970 1438 pastiones
989 1363 1073 1436 sunt,
1097 1375 1233 1438 quarum
1252 1374 1351 1420 causa

119 1475 219 1521 rasae
239 1475 380 1539 quoque;
405 1459 432 1522 si
454 1477 516 1539 qua
532 1460 693 1539 particula
712 1460 797 1524 ineo
816 1458 902 1523 saltu
919 1463 1086 1539 pastorum
1105 1463 1162 1521 aut
1180 1459 1348 1522 custodum

120 1577 221 1623 eausa
242 1563 365 1639 aratur,
391 1578 429 1624 ea
450 1578 502 1625 res
525 1579 587 1624 non
611 1561 748 1643 peremit
770 1578 885 1625 nomen
909 1560 1034 1645 saltuis,
1050 1578 1112 1624 non
1131 1560 1236 1642 magis
1255 1578 1350 1641 quarn

118 1660 224 1739 fundi,
242 1661 296 1741 qui
315 1666 366 1725 est
384 1662 417 1725 in
437 1680 515 1743 agro
529 1663 626 1742 culto,
647 1668 680 1726 et
703 1663 770 1727 eius
794 1681 891 1727 eausa
909 1661 1007 1726 habet
1027 1661 1217 1740 aedificium,
1239 1662 1266 1726 si
1285 1681 1349 1743 qua

119 1761 288 1841 particula
317 1762 349 1826 in
369 1781 405 1827 eo
435 1763 536 1828 habet
564 1764 696 1829 silvam'.
740 1764 776 1827 F.
800 1768 875 1828 302.

118 1862 288 1927 Sanates
320 1864 398 1928 dieti
434 1871 524 1945 sunt,
556 1867 610 1948 qui
640 1885 739 1947 supra
767 1864 911 1947 infraque
939 1867 1071 1929 Romam
1101 1863 1349 1942 habitaverunt,

118 1964 211 2045 quod
234 1983 351 2029 nomen
374 1966 424 2030 his
446 1965 515 2042 fuit,
539 1969 623 2049 quia,
643 1987 715 2032 euin
739 1966 929 2032 defecissent
948 1986 967 2031 a
985 1967 1148 2047 Romanis,
1169 1965 1259 2030 brevi
1278 1976 1350 2046 post

118 2068 291 2132 redierunt
315 2068 347 2132 in
372 2070 559 2148 amicitiam,
583 2071 678 2152 quasi
701 2074 816 2134 sanata
839 2075 956 2134 mente.
990 2070 1106 2150 ltaque
1129 2069 1162 2133 in
1186 2069 1248 2132 XII
1267 2073 1302 2150 (1,
1320 2071 1347 2146 5)

118 2175 253 2234 cautum
278 2175 341 2250 est,
374 2177 411 2236 ut
432 2172 516 2237 idern
540 2173 620 2237 iuris
643 2179 730 2237 esset
753 2171 928 2238 Sanatibus
951 2172 1037 2253 quod
1060 2170 1245 2250 Forctibus,
1277 2173 1297 2235 i.
1322 2191 1348 2236 e.

119 2271 216 2336 bonis
240 2277 273 2365 et
296 2273 351 2352 qui
373 2291 538 2355 nunquam
563 2272 745 2339 defecerant
769 2295 788 2339 a
810 2272 959 2358 p(opulo)
983 2271 1165 2356 R(omano).
1209 2272 1247 2335 F.
1269 2275 1344 2337 318,

117 2368 299 2458 [Serretes
317 2377 410 2453 perosi
430 2372 555 2460 saaelti
576 2373 757 2460 appellaltr',
782 2378 802 2441 t.
826 2399 851 2442 e.
873 2381 1004 2441 sanotae
1026 2375 1146 2439 virentis.
1171 2371 1251 2459 Seu]
1273 2373 1344 2439 Sul·

117 2475 224 2555 pieius
243 2526 250 2540 .
271 2526 277 2539 .
299 2526 305 2539 .
325 2483 358 2540 et
382 2476 507 2558 Opilius
527 2528 561 2542 ..
587 2475 647 2563 [tto
668 2477 864 2564 eristimoot]
900 2480 963 2544 dici
994 2473 1171 2561 inieriolris
1202 2479 1345 2559 super-io-

115 2579 227 2657 niaque
249 2578 309 2643 tort
328 2577 460 2664 proteat
483 2585 520 2644 ut
543 2577 711 2667 Tiburte[s
731 2603 831 2662 supro
852 2581 994 2658 Romam,
1025 2580 1162 2662 aliosque
1184 2582 1239 2662 qui
1262 2575 1343 2664 orror]

116 2679 238 2761 populo
258 2675 399 2765 Tibur[ti
420 2689 626 2747 woeeoerent
646 2685 679 2747 tn
701 2680 791 2769 apro]
811 2683 949 2760 Tiburti,
969 2677 1126 2766 idelmque
1141 2681 1184 2744 ort
1196 2703 1228 2746 se
1246 2682 1342 2745 orori-

115 2784 210 2846 timos
232 2783 382 2861 quosdam
404 2781 646 2868 iate]riorisque
668 2780 746 2869 leoli
763 2785 901 2867 populos
920 2783 1144 2866 perdurarent.
1189 2780 1288 2865 Halae]

425 2886 458 2949 in
477 2886 552 2950 XII:
575 2883 673 2972 Nexla'
691 2887 845 2966 solertique
868 2884 935 2968 oe]¹
986 2967 989 2979 ,

424 2985 500 3053 forti
524 2986 740 3073 senonisque
761 2988 843 3052 idone
865 2989 916 3052 ius
938 2979 1026 3071 esto]

426 3090 458 3153 id
478 3096 527 3154 est
546 3087 715 3175 benedetto
732 3096 761 3155 et
776 3091 831 3170 qut
850 3088 1027 3168 defecerant
1043 3086 1204 3151 seriorum.
1232 3082 1339 3170 Staret]

186 3240 212 3305 1)
230 3238 350 3294 Litteras
374 3242 439 3294 ‘nex’
462 3243 491 3294 et
512 3241 583 3294 intro
606 3239 685 3292 ‘man'
706 3256 758 3293 non
780 3256 839 3292 enni
857 3239 931 3291 Mae.
954 3235 1126 3302 omnibusque
1149 3236 1212 3288 ante
1231 3250 1290 3288 eum
1309 3234 1341 3288 de

114 3339 182 3376 nero
200 3323 296 3377 solutis
314 3324 360 3378 sed
379 3324 411 3378 de
429 3341 499 3379 nexu
517 3328 544 3378 et
563 3325 695 3394 mancipio
712 3323 910 3392 intellegendas
928 3325 956 3375 et
974 3319 1134 3390 supplendas
1148 3335 1215 3382 esse,
1229 3319 1257 3373 id
1272 3320 1342 3388 quod

113 3409 218 3476 primus
240 3407 310 3462 vidit
332 3408 390 3463 Ha.
413 3409 530 3474 (Nonum
552 3413 634 3478 250.),
656 3410 709 3462 iarn
734 3409 806 3463 inter
827 3424 917 3462 omnes
944 3406 999 3460 fere
1018 3407 1130 3459 constat.
1166 3403 1242 3458 Solus
1261 3403 1342 3469 Hoff-

112 3509 233 3546 manaus
251 3493 320 3559 (Ges.
339 3512 362 3549 o.
381 3494 406 3548 d.
417 3495 509 3550 Feret.
527 3513 554 3551 a.
565 3495 632 3550 Soa.
647 3512 677 3564 p.
695 3495 738 3562 43)
757 3493 932 3562 supplendum
950 3491 1050 3545 censet:
1070 3489 1156 3557 ‘nerqo
1173 3489 1342 3558 mancepato·

113 3595 166 3646 que
183 3577 228 3646 ae]
247 3578 323 3633 Forti
340 3579 498 3649 Sanati[qee
519 3579 589 3633 idem
610 3581 681 3634 iures
703 3579 785 3647 estol’,
809 3576 877 3646 quod
899 3580 957 3630 tam
979 3592 995 3628 a
1019 3575 1124 3640 reipsa
1143 3573 1274 3641 quamab
1293 3591 1342 3627 usu

114 3663 222 3717 dicendi
239 3663 374 3718 abhorret.
402 3664 512 3719 Foretos
530 3665 600 3718 enim
619 3667 647 3718 et
658 3665 770 3718 Sanatee
788 3679 839 3716 non
857 3663 939 3715 tertio
957 3658 1060 3714 cuidam
1079 3658 1125 3712 sed
1143 3659 1213 3712 inter
1231 3659 1342 3727 seipsos

114 3749 176 3818 lege
195 3751 355 3817 exaequatos
373 3765 442 3815 esse,
462 3767 492 3804 ex
511 3754 596 3804 altero
613 3750 690 3804 Festi
708 3750 740 3802 de
759 3747 902 3802 Sanatibus
920 3748 976 3800 loeo
994 3745 1061 3799 setis
1079 3744 1174 3814 liquet,
1192 3760 1276 3812 neque
1294 3760 1342 3796 un·

114 3849 197 3902 quarn
216 3834 247 3899 is,
265 3835 311 3902 qui
330 3835 365 3888 ‘in
384 3835 515 3904 mancipio
535 3835 593 3898 est',
612 3835 769 3903 simpliciter
787 3829 969 3901 ‘mancipatus'
988 3829 1149 3900 appellatur.
1185 3829 1260 3882 Unde
1279 3829 1342 3896 quin

114 3920 142 3970 in
161 3935 265 3972 summa
283 3920 425 3988 legendum
444 3921 492 3975 sit:
517 3919 607 3989 ‘Nex[i
623 3919 816 3987 maaaptqoe.
837 3916 855 3985 .]
874 3916 950 3969 Forti
967 3915 1138 3985 Sanati[sqae
1163 3956 1168 3968 .
1187 3957 1193 3970 .
1212 3912 1281 3966 roan
1299 3914 1343 3967 ius

114 4003 199 4072 esto'J,
226 4003 344 4058 dubitari
366 4007 410 4058 vix
432 4008 529 4074 potest.
565 4004 598 4058 ld
621 4006 711 4058 autem
732 4004 761 4057 in
783 4000 863 4056 dubio
882 4000 1056 4068 relinquitur,
1081 4015 1144 4053 num
1163 3999 1245 4052 etiam
1263 3998 1343 4051 verba

114 4101 205 4159 ‘supra
231 4087 353 4157 infraque
379 4090 507 4143 Romam'
543 4094 571 4145 et
599 4089 792 4158 qualiacunque
821 4086 854 4140 ed
890 4102 948 4154 pop.
975 4086 1049 4139 Rom.
1086 4084 1234 4153 spectantia
1264 4083 1343 4137 verba

115 4177 197 4240 (bum
216 4191 241 4243 p.
253 4174 291 4230 R?
310 4175 353 4228 vel
372 4174 536 4245 ‘idemquod
554 4193 580 4244 p.
590 4177 640 4244 R.')
658 4172 809 4242 recipienda
827 4173 890 4225 sint.
909 4171 942 4224 et.
957 4171 1015 4225 Ha.
1027 4170 1166 4224 Nesaee.
1185 4168 1342 4237 Sebeoepler,

115 4262 150 4317 R.
170 4261 204 4316 (a
222 4265 248 4328 a,
266 4263 306 4330 a
326 4261 382 4315 Mo.
401 4261 437 4316 R.
456 4262 490 4317 e.
508 4266 532 4326 1,
551 4265 611 4315 103.
654 4261 739 4329 Voqr,
756 4260 801 4312 tos
817 4263 874 4311 aar.
894 4261 918 4322 4,
936 4259 998 4311 aee.
1022 4255 1135 4317 Koara,
1153 4254 1235 4307 elata
1246 4258 1273 4320 a,
1283 4257 1342 4308 116.

115 4348 229 4412 Seboell,
249 4347 317 4401 XII
330 4347 383 4401 tab.
401 4350 442 4400 71.
460 4351 519 4402 117.
536 4377 569 4386 -
588 4347 614 4411 2)
632 4345 723 4399 ‘Forti'
743 4361 831 4398 oasum
850 4343 1009 4412 genitivum,
1035 4356 1087 4394 non
1105 4339 1226 4392 dativum
1244 4355 1308 4403 esse,
1328 4355 1341 4392 e

115 4435 169 4488 fine
188 4433 268 4487 huius
287 4433 337 4487 loei
355 4436 383 4486 et
400 4451 424 4488 r.
435 4433 549 4488 Horetus
567 4435 650 4500 patet,
669 4430 738 4484 unde
751 4429 874 4484 ‘Sanatis'
894 4443 945 4480 non
964 4425 1076 4479 ‘Sanati'
1094 4423 1237 4492 legendum
1257 4427 1308 4480 est.
