2916 4860
558 395 643 463 Leges
663 394 716 448 XII
733 394 892 449 tabularum.
1299 399 1342 463 35

198 563 228 630 6.
254 565 318 632 Uia
341 567 399 647 (de.
422 567 472 647 off.
496 573 526 647 3,
545 569 610 650 31):
640 565 970 632 Nullumavineulum
999 569 1040 632 ad
1069 570 1335 652 adstringendum

111 665 211 731 fidem
244 669 502 735 iureiurando
528 672 665 735 maiores
693 671 797 734 artius
827 687 896 733 esse
926 669 1110 748 voluerunt3
1133 673 1167 736 id
1190 673 1335 737 inuitant

113 770 205 850 leges
231 770 263 832 in
287 769 349 834 XII
371 773 438 838 tab.

201 869 229 936 7.
254 872 339 937 Pau.
363 872 410 955 (a.
434 874 462 937 a.
486 881 514 952 ’7,
539 879 589 953 60,
613 875 704 956 212);
739 873 801 937 XII
824 873 889 937 tab.
920 878 1104 950 <irrumet
1127 894 1259 940 occasus
1283 895 1338 940 no-

112 975 307 1038 minantur.l

200 1074 229 1141 8.
254 1077 326 1141 Gai.
349 1077 390 1160 (1,
415 1082 505 1157 reat:
522 1114 565 1123 -
583 1079 658 1142 olim
681 1078 784 1142 aereIs
799 1082 927 1141 tantum
943 1080 1081 1143 nummis
1100 1080 1286 1159 utebantur,
1309 1087 1342 1144 et

112 1183 210 1242 erant
234 1198 336 1259 asses,
365 1180 536 1261 dupondii,
559 1181 707 1245 semisses
734 1186 765 1243 et
786 1181 998 1260 quadrantes,
1022 1198 1079 1245 net
1108 1181 1193 1245 ullus
1217 1201 1338 1247 aureus

112 1279 164 1343 vel
185 1287 359 1361 argenteus
382 1301 530 1347 nummus
554 1283 585 1345 In
608 1302 669 1346 usu
693 1287 773 1361 erat,
797 1283 892 1346 sicuti
916 1283 1046 1364 exlege
1071 1282 1131 1346 XII
1154 1284 1220 1348 tab.
1245 1284 1340 1347 Intel-

116 1382 227 1462 legere
251 1386 445 1462 possumus²

201 1483 230 1546 9.
256 1485 330 1549 Gai.
354 1486 373 1549 t.
389 1485 471 1550 Vad
486 1486 568 1551 XII
582 1487 702 1566 (Dm),
719 1491 767 1563 16,
785 1488 874 1567 237):
896 1487 1029 1550 Duobus
1053 1487 1214 1567 negativis
1232 1487 1354 1551 verbis·

113 1588 211 1666 quasi
236 1588 396 1667 permittit
419 1589 469 1652 lex
488 1588 564 1669 (XII
579 1590 659 1671 tab.)
678 1591 781 1669 magis
797 1607 894 1669 quam
913 1588 1095 1669 prohibuit:
1119 1588 1215 1669 idque
1239 1590 1338 1653 etiam

114 1688 248 1752 Servius
273 1688 459 1771 (Sulpicius)
484 1692 719 1756 animadvertit.

131 1869 135 1877 ι
204 1789 252 1854 10.
276 1791 347 1855 Gai.
364 1792 383 1854 I.
408 1792 462 1856 VI
470 1793 512 1857 aci
530 1792 611 1857 XII
621 1792 675 1871 (D.
693 1796 743 1870 50,
767 1797 908 1879 16‚238,
927 1794 969 1874 1):
988 1787 1264 1857 ‘Detestatum'
1291 1798 1341 1857 est-

117 1894 296 1958 testatiane
320 1895 553 1958 denuntIatum.

203 1996 251 2060 11.
275 1995 383 2060 Sidon.
399 1995 462 2078 Ap.
485 1997 542 2079 (ep.
553 2001 584 2075 8,
594 2001 638 2078 6):
656 1997 717 2061 Per
739 1998 845 2078 ipsum
867 1994 933 2060 fere
956 2002 1092 2077 tempus,
1117 2002 1153 2060 ut
1177 1996 1338 2060 decemvi-

116 2101 230 2164 raliter
239 2099 362 2179 loquar,
375 2100 426 2162 lex
437 2100 475 2164 de
487 2101 738 2180 praescriptione
753 2101 902 2164 tricennii
913 2099 1020 2163 fuerat
1030 2096 1038 2122 ‘
1048 2099 1223 2179 proquIri
1232 2102 1291 2162 tat
1301 2093 1343 2162 a'.

116 2271 161 2323 ‘in
179 2273 232 2323 XII
251 2299 284 2305 -
303 2282 395 2335 esset,
420 2273 518 2322 iussum
540 2273 632 2337 populi
656 2281 679 2321 et
704 2272 827 2336 suffragia
849 2266 917 2321 esse’.
954 2271 991 2322 Of.
1011 2267 1070 2320 Ia‘v.
1089 2270 1115 2334 9,
1132 2269 1181 2318 34.-
1207 2266 1336 2335 (Sempro-

119 2350 175 2398 nius
193 2358 223 2398 tr.
244 2349 279 2413 pI.
298 2351 346 2413 Ap.
367 2349 473 2399 Claudio
492 2349 587 2409 dixitz)
606 2375 639 2383 -
653 2348 733 2399 ‘nemo
753 2366 838 2398 eorum
857 2344 1006 2410 (censorum)
1025 2347 1077 2399 XII
1095 2349 1145 2399 tab⁴
1163 2347 1244 2412 legit?
1264 2363 1338 2398 nemo

120 2427 144 2475 id
153 2428 193 2476 ius
212 2443 275 2489 esse,
293 2428 359 2491 quod
379 2438 504 2492 postremo
519 2427 628 2490 populus
644 2427 768 2490 iussisset,
787 2428 861 2476 sciit?
880 2426 959 2474 Immo
977 2421 1277 2476 veroomnesseiverunt’
1298 2426 1344 2474 etc.

186 2578 211 2642 1)
230 2575 270 2629 Cf.
290 2580 313 2638 1,
332 2579 357 2629 9.
377 2607 409 2614 —
429 2577 454 2640 2)
474 2576 514 2630 Cf.
534 2574 598 2636 Ma,
617 2571 681 2628 νϋηι.
701 2575 879 2629 Mtinzwesem
895 2593 924 2642 p.
945 2577 1002 2628 175.
