2916 4860
95 368 160 433 230
645 361 770 431 Negotia.

96 557 209 622 genses
237 556 306 600 eam
333 537 502 617 pecuniam
530 554 593 600 non
617 536 743 600 dabunt
765 551 868 614 neque
896 531 1106 615 satisfacient
1137 532 1320 597 arbitratum

98 640 304 716 Genuatium,
330 639 415 719 quod
438 656 497 717 per
515 636 702 702 Genuenses
725 631 845 720 mo[r]a
867 655 930 700 non
953 633 1021 714 fiat,
1045 655 1109 716 quo
1130 635 1238 700 setius
1256 653 1320 700 eam

96 742 267 823 pequniam
300 739 457 819 acipiant:
480 744 549 803 tum
573 739 658 819 quod
681 740 714 802 in
743 757 779 802 eo
807 756 885 818 agro
913 734 917 820 Ι
944 743 1058 801 natum
1085 737 1150 801 erit
1175 735 1319 800 frumenti

97 849 223 923 partem
246 842 478 920 vicensumam,
509 841 576 904 vini
598 846 725 920 partem
750 844 875 904 sextam
898 840 1084 921 Langenses
1107 841 1140 903 in
1167 839 1318 918 poplicum

98 944 244 1008 Genuam
269 943 346 1006 dare
370 930 509 1007 debento
529 939 586 1025 lin
611 959 710 1005 annos
733 942 883 1022 singolos
1094 935 1096 938 ⁴

181 1044 264 1121 Quei
282 1046 369 1109 intra
387 1063 442 1119 eos
460 1042 550 1107 fineis
570 1062 684 1124 agrum
704 1042 979 1122 posedetGenuas
995 1046 1053 1105 aut
1072 1041 1234 1120 Viturius,
1254 1043 1318 1124 quei

97 1166 208 1214 eorum
231 1147 376 1227 posedeit
398 1146 427 1209 k.
452 1145 651 1225 Sextiltibus)
673 1146 708 1208 L.
729 1142 860 1208 Caicilio
880 1141 885 1226 Ι
904 1142 940 1218 Q.
958 1143 1087 1207 Muuoio
1108 1161 1184 1223 cos,
1208 1162 1262 1207 eos
1280 1145 1319 1208 ita

98 1250 246 1330 posidere
270 1249 437 1328 coloreque
460 1247 566 1311 liceat.
606 1246 664 1310 Eis
688 1247 762 1327 quei
785 1245 988 1326 posidebunt,
1013 1245 1155 1324 vectigal
1179 1244 1318 1326 Langen·

46 1357 86 1410 30.
98 1351 187 1415 sibus
207 1368 264 1431 pro
288 1349 434 1430 portione
457 1349 534 1412 dent
557 1350 618 1429 ita,
646 1348 695 1411 uti
718 1349 818 1412 ceteri
837 1345 1057 1432 tLangenses,
1082 1347 1136 1427 qui
1160 1365 1272 1411 eorum
1291 1349 1318 1411 in

98 1470 135 1515 eo
162 1469 240 1532 agro
270 1453 385 1531 agrum
412 1446 608 1530 posidebunt
633 1447 855 1529 fruenturque.
900 1443 1047 1513 Praeter¹
1064 1466 1102 1512 ea
1128 1448 1165 1512 in
1188 1441 1316 1530 eo'agm

97 1553 225 1633 niquis
249 1552 396 1632 posideto
418 1551 481 1615 nisi
504 1551 543 1615 de
567 1551 686 1615 maiore
709 1557 803 1631 parte
823 1534 837 1623 Ι
860 1550 1080 1631 Langensium
1103 1549 1315 1614 Veituriorum

99 1654 271 1732 sententia,
292 1654 367 1718 dnm
386 1672 426 1718 ne
444 1652 542 1717 alium
562 1653 764 1716 intro-mitat
781 1653 845 1717 nisi
861 1652 1044 1716 Genuatem
1063 1656 1121 1714 ant
1141 1651 1315 1715 Veiturinm

99 1755 222 1820 colendi
247 1773 355 1818 causa,
402 1754 483 1830 Quei
507 1774 616 1819 eorum
640 1755 678 1819 de
705 1755 827 1818 maiore
857 1753 980 1834 parte!
1007 1751 1232 1833 Langensinm
1255 1753 1317 1817 Vei·

98 1858 220 1920 tunium
244 1858 406 1920 sententia
428 1857 476 1920 ita
499 1875 562 1920 non
584 1856 725 1936 parebit,
754 1858 782 1920 is
805 1875 879 1920 eum
902 1873 1017 1936 agrum
1038 1855 1092 1919 nei
1115 1854 1238 1920 habeto
1255 1857 1316 1919 nive

97 1956 256 2022 fruimino.

183 2059 266 2136 Qnei
296 2057 300 2143 Ι
328 2077 406 2140 ager
438 2077 645 2140 compascuos
677 2059 753 2137 enit,
783 2060 818 2121 in
850 2077 888 2122 eo
915 2077 993 2139 agro
1025 2059 1200 2140 quominus
1231 2078 1315 2139 pecus

99 2159 261 2243 [p]ascere
290 2161 455 2226 Genuates
478 2161 705 2240 Veituriosque
729 2160 827 2224 liceat
849 2161 908 2239 ita,
937 2161 1004 2224 utei
1026 2161 1059 2225 in
1082 2166 1192 2225 cetero
1217 2179 1291 2243 agro
1311 2228 1312 2237 ,

99 2261 242 2325 Genuati
263 2281 462 2351 compascuo,
486 2264 519 2326 ni
542 2263 614 2342 quis
637 2261 816 2341 prohibeto,
840 2263 913 2326 nive
931 2263 1003 2342 quis
1022 2263 1087 2326 vim
1105 2261 1215 2342 facito,
1237 2264 1316 2327 neive

99 2364 269 2444 prohibeto
282 2354 352 2444 vquo
370 2365 473 2429 minus
492 2383 585 2430 exeo
605 2383 683 2445 agro
703 2363 793 2444 ligna
810 2365 1043 2446 materiamque
1063 2363 1067 2448 Ι
1088 2370 1222 2429 sumant
1234 2371 1316 2428 utan-

48 2469 227 2546 satorque.
1159 2451 1161 2458 '

185 2567 332 2648 Vectigal
359 2568 436 2631 anni
463 2569 558 2648 primi
581 2568 611 2632 k.
636 2568 784 2632 Ianuaris
807 2569 957 2633 secundis
980 2568 1114 2632 Veturis
1138 2569 1315 2650 Langenses

99 2670 133 2732 in
151 2669 312 2750 poplicum
336 2667 481 2734 Genuam
504 2670 582 2734 dare
603 2668 607 2753 Ι
628 2670 773 2734 debento.
795 2668 888 2746 Quod
908 2676 984 2734 ante
1003 2670 1033 2734 k.
1057 2671 1188 2735 Ianuar.
1206 2671 1315 2752 primas

99 2770 285 2851 Langenses
317 2769 414 2835 fructi
442 2778 517 2835 sunt
549 2778 731 2852 eruntque,
758 2772 900 2852 vectigal
927 2772 1042 2835 invitei
1074 2758 1154 2837 ¹(lane
1186 2773 1239 2836 nei
1272 2772 1316 2836 dc·

100 2872 206 2937 bento.
232 2897 273 2931 <v
297 2874 300 2954 Ι
1098 2948 1100 2953 .

185 2975 284 3039 Prata
308 2993 392 3056 quae
414 2974 545 3040 fuerunt
568 2994 726 3055 proxuma
743 2973 909 3039 faenisicei
928 2976 961 3040 L.
981 2974 1121 3039 Caecilio
1142 2973 1178 3051 Q.
1199 2974 1317 3038 Muncio

101 3093 162 3138 cos.
184 3076 217 3138 in
241 3095 319 3157 agro
342 3077 478 3157 poplioo,
502 3095 596 3158 quem
615 3076 760 3141 Vituries
779 3076 964 3157 Langenses
984 3083 988 3158 Ι
1009 3077 1162 3156 posident
1180 3082 1216 3140 et
1234 3093 1317 3157 quem

17 3221 19 3225 .
102 3175 235 3241 Odiates
259 3182 291 3241 et
314 3196 407 3259 quem
431 3179 628 3243 Dectunines
651 3183 803 3258 atquem
826 3176 1049 3243 Cavaturiueis
1073 3184 1105 3242 et
1125 3197 1223 3259 quem
1240 3176 1318 3240 Men·

101 3279 225 3359 tovines
248 3281 405 3359 posinunt,
429 3299 469 3344 ea
491 3285 602 3360 prata,
633 3277 637 3362 Ι
661 3280 772 3343 invitis
794 3279 1019 3360 Langensibus
1041 3284 1076 3343 ct
1098 3277 1273 3344 Odiatibus
1292 3284 1320 3340 et

103 3379 344 3445 Deotuniuebus
367 3387 400 3445 et
424 3380 639 3445 Cavaturiues
662 3386 696 3445 et
713 3381 924 3460 Mentovinea
948 3399 1045 3460 quem
1064 3381 1204 3461 quisque
1221 3397 1320 3445 eorum

51 3486 94 3538 40.
104 3499 216 3563 agrum
236 3480 240 3561 Ι
260 3483 429 3561 posidebit,
448 3483 579 3546 inviteis
597 3483 685 3546 eisni
702 3483 774 3563 quis
792 3483 872 3547 sicet
884 3484 958 3546 nive
973 3486 1089 3562 pascat
1100 3483 1177 3546 nive
1191 3481 1320 3547 fruatur.

103 3579 160 3644 Sei
183 3580 367 3662 Langueses
390 3589 447 3647 aut
470 3583 606 3648 Odiates
630 3589 688 3648 aut
710 3583 905 3649 Dectunines
929 3588 986 3648 aut
1010 3581 1230 3648 Cavaturines
1250 3583 1254 3664 Ι
1273 3587 1321 3647 ant

102 3681 303 3745 Mentovines
325 3684 446 3749 malent
468 3687 500 3750 in
523 3705 561 3749 eo
585 3703 663 3766 agro
688 3687 753 3750 alia
776 3691 873 3766 prata
897 3687 1062 3750 inmittere
1086 3683 1262 3750 defendere
1287 3684 1321 3748 si-

103 3801 189 3862 oare,
214 3785 247 3849 id
270 3786 317 3849 uti
340 3783 446 3851 facere
469 3788 581 3866 liceat,
605 3788 680 3851 dum
704 3807 743 3852 ue
766 3788 953 3868 ampliorem
978 3787 983 3868 Ι
1007 3787 1142 3852 modum
1160 3795 1321 3868 pratorum

16 3902 19 3912 ·
102 3884 253 3964 habeant,
277 3904 372 3966 quam
392 3906 547 3967 proxuma
570 3896 697 3954 aestate
719 3889 905 3954 habuerunt
928 3888 1091 3969 fructique
1115 3896 1203 3954 sunt.
1228 3914 1268 3947 ω

186 3988 339 4062 Vituries,
361 3991 434 4070 quei
450 3993 685 4055 controvorsias
705 3989 709 4074 Ι
730 3987 999 4055 Genuensiumob
1018 3990 1179 4055 iniourias
1197 3987 1322 4056 iudicati

102 4094 160 4151 aut
183 4090 329 4155 damnati
353 4096 439 4170 sunt,
463 4092 509 4156 sei
532 4093 604 4172 quis
626 4093 663 4163 in,
677 4094 832 4157 vinculeis
851 4093 890 4158 ob
911 4109 965 4157 eas
987 4109 1040 4156 res
1059 4097 1120 4172 est,
1139 4111 1196 4157 eos
1212 4091 1321 4158 omneis

105 4189 230 4269 {solvet
259 4192 365 4255 mittei
396 4191 654 4274 leiber(oa·e)ique
687 4193 874 4258 Genuenses
906 4194 1035 4258 videtur
1067 4200 1222 4273 oportere
1256 4201 1321 4256 ante

52 4290 94 4342 45.
107 4289 196 4355 eidus
218 4292 347 4359 Sextilis
369 4296 501 4376 primas,
533 4293 586 4358 Sei
609 4296 684 4376 quoi
703 4297 742 4359 de
766 4315 805 4359 ea
823 4315 859 4360 re
878 4295 883 4378 Ι
903 4296 1046 4376 iniquom
1065 4295 1235 4360 videbitur
1251 4311 1320 4368 esse,
