2916 4860
103 366 167 430 310
640 368 796 436 Scriptores.

190 537 258 621 (13)
269 539 422 606 Delocis
442 542 565 606 sacris
579 546 617 606 et
636 541 843 622 religiosis
859 547 958 606 contr.
969 542 1130 623 plurimae
1143 549 1329 607 nascuntur.

51 647 190 720 eaquae
221 639 292 705 iure
329 643 492 707 ordinario
524 641 694 723 finiuntur,
727 643 789 707 nisi
818 643 844 707 si
868 644 907 707 de
929 642 1080 724 locojrum
1104 661 1216 707 eorum
1241 646 1331 709 modo

104 743 223 822 agitur.
245 779 288 787 —
311 749 345 805 F.
364 754 405 805 56.
424 750 459 804 Α.
478 754 521 804 87.

189 842 255 925 (14)
276 844 324 908 Ι)θ
356 865 487 927 aquae
520 847 679 927 pluviae
711 847 881 912 transitu
912 853 1012 912 contr.
1041 853 1105 926 est,
1140 849 1174 912 in
1198 868 1275 930 qua,
1308 851 1331 912 si

52 953 94 1006 24.
106 947 259 1011 collectus
290 948 441 1027 pluvialis
472 967 576 1030 aquae
609 954 830 1013 transversum
863 966 974 1013 secans
1008 947 1104 1013 finem
1132 949 1166 1012 in
1191 950 1333 1033 aljterius

103 1047 238 1113 fundum
261 1048 369 1114 influit
392 1057 425 1114 et
447 1052 656 1129 disconvenit,
681 1052 722 1116 ad
747 1051 797 1114 ius
816 1051 1014 1116 ordinarium
1033 1052 1227 1131 pertinebit;
1252 1052 1332 1133 quod

105 1152 205 1231 siper
224 1153 459 1218 ordinationem
478 1152 551 1218 finis
570 1155 672 1234 ipsius
689 1153 808 1233 agitur,
828 1153 928 1229 exigit
938 1153 1094 1217 mensoris
1104 1154 1332 1225 interventum,

104 1258 138 1316 et
161 1259 261 1317 contr.
285 1255 419 1319 tollitur.
472 1262 506 1315 F.
525 1265 567 1316 57.
590 1265 624 1315 A.
644 1266 689 1315 88.

190 1353 261 1439 (15)
284 1355 332 1420 De
354 1357 578 1422 itineribus
602 1364 700 1423 contr.
727 1364 791 1438 est,
815 1376 897 1440 quae
921 1358 952 1421 in
976 1356 1128 1422 arcifiniis
1153 1359 1243 1440 agris
1266 1359 1332 1422 iure

104 1457 268 1522 ordinario
291 1456 417 1537 finitur,
445 1460 477 1523 in
503 1460 678 1541 assignatis
701 1478 926 1525 mensurarum
949 1461 1092 1538 ratione;
1117 1478 1230 1524 omnes
1254 1462 1332 1525 enim

104 1560 225 1624 limites
249 1560 424 1624 secundum
448 1561 553 1641 legem
578 1563 754 1628 colonicam
777 1563 887 1627 itineri
910 1562 1040 1643 publico
1064 1563 1186 1627 servire
1210 1563 1332 1627 debent.

104 1698 147 1707 -
169 1668 203 1721 F.
222 1672 264 1721 os.
283 1670 318 1721 A.
336 1672 378 1721 ae.
398 1669 437 1722 H.
455 1673 526 1722 134:
549 1663 606 1728 ‘De
633 1666 686 1730 via
713 1672 746 1730 θῖ
774 1670 849 1730 actu
873 1670 906 1729 et
929 1665 1073 1729 itinere
1097 1671 1131 1729 θῖ
1153 1666 1280 1730 ambitu
1303 1671 1331 1728 θῖ

106 1784 237 1830 accessu
260 1771 294 1829 et
311 1766 390 1829 rivis
413 1771 447 1829 θῖ
469 1766 608 1831 vallibus
626 1765 720 1831 fossis
739 1765 883 1831 fontibus
902 1784 1000 1846 saepe
1019 1771 1192 1830 moventur
1207 1772 1332 1831 conten-

104 1868 222 1948 tiones,
255 1886 338 1950 quae
361 1887 469 1932 omnes
493 1873 603 1949 partes
625 1887 690 1932 non
712 1875 857 1932 nostram
881 1869 937 1932 sed
960 1865 1096 1931 forensis
1120 1866 1233 1944 officii,
1264 1868 1285 1930 i.
1308 1887 1331 1930 θ.

104 1971 183 2035 iuris
207 1971 319 2050 ciuilis,
340 1989 472 2052 operam
492 1972 640 2051 exigunt3
663 1990 721 2035 nos
739 1990 815 2036 vero
833 1976 912 2034 tunc
932 1970 978 2034 eis
996 1970 1243 2048 intervenimus,
1263 1988 1328 2033 curn

103 2080 162 2137 aut
186 2073 394 2154 derigendum
418 2073 540 2154 aliquid
564 2079 613 2136 est
637 2073 894 2154 quaestionibus,
926 2076 997 2151 aut,
1029 2072 1056 2135 si
1087 2069 1194 2136 forma
1226 2072 1329 2152 aliqua

103 2176 229 2256 aliquid
251 2180 398 2239 notatum
421 2176 594 2254 invenitur,
617 2176 829 2256 repetendum
854 2172 921 2239 θεῖ’

548 2367 742 2422 Frontinus
764 2366 823 2425 lib.
847 2367 892 2420 11.

52 2485 95 2540 34.
193 2487 287 2564 Satis,
311 2490 347 2548 ut
372 2489 460 2565 puto,
485 2483 621 2547 dilucide
646 2529 704 2545 ...
730 2499 851 2562 genera
875 2478 1168 2544 controversiarum
1189 2479 1329 2554 exposui:

106 2608 190 2653 rrunc
214 2587 481 2669 quemadmodum
505 2586 654 2666 singulae
677 2583 814 2647 tractari
834 2581 973 2647 debeant
991 2581 1254 2662 persequendum
1277 2585 1329 2643 est.

106 2729 147 2736 —
170 2688 386 2756 Difficillimus
418 2692 524 2752 autern
556 2687 645 2750 locus
668 2685 721 2750 hic
753 2691 817 2763 est,
851 2684 936 2764 quod
963 2681 1102 2747 mensori
1125 2681 1329 2744 iudicandum

106 2799 169 2872 θεῖς
181 2794 237 2858 sed
253 2811 312 2857 nec
327 2792 431 2855 minus
446 2790 500 2853 ille
518 2792 659 2866 exactus,
679 2788 765 2867 quod
776 2791 826 2850 est
837 2785 1004 2849 advocatio
1017 2783 1231 2863 praestanda.
1255 2783 1329 2846 Pru·

107 2896 249 2961 dentiam
272 2901 381 2959 tamen
404 2893 539 2956 eandem
563 2888 702 2954 artifices
725 2888 846 2953 habere
871 2887 990 2951 debent
1019 2891 1052 2948 θῖ
1076 2886 1131 2965 qui
1156 2883 1328 2949 iudicaturi

106 3003 183 3062 sunt
213 3003 244 3061 et
272 2997 327 3077 qui
360 2994 588 3059 advocationes
617 2995 693 3055 sunt
720 2989 920 3070 praestituri.
966 2987 1003 3050 In
1026 2987 1204 3051 iudicando
1229 2992 1329 3050 autem

107 3118 285 3163 mensorem
308 3100 426 3162 bonum
450 3097 554 3159 uirum
578 3098 611 3156 et
633 3094 755 3156 iustum
780 3109 877 3172 agere
904 3091 1009 3170 decet,
1043 3107 1148 3170 neque
1174 3090 1242 3153 ulla
1270 3106 1329 3152 arn-

107 3202 227 3266 bitione
245 3207 302 3265 aut
322 3199 470 3264 sordibus
493 3189 624 3272 moveri,
648 3211 778 3258 servare
795 3193 975 3272 opinionem
995 3197 1028 3256 et
1048 3193 1112 3255 arti
1133 3196 1165 3255 et
1177 3192 1329 3255 moribus:

108 3305 238 3386 quidam
269 3304 353 3367 enim
385 3321 441 3383 per
464 3298 675 3379 imperitiam,
700 3294 832 3376 quidam
855 3313 914 3377 per
936 3293 1163 3374 inpudentiam
1186 3298 1329 3373 peccant:

108 3412 213 3471 totum
229 3410 338 3469 autem
357 3405 417 3468 hoc
439 3401 604 3466 iudicandi
628 3397 767 3464 officium
783 3402 816 3460 et
830 3398 990 3461 hominem
1009 3399 1043 3458 θῖ
1062 3393 1223 3459 artificem
1239 3393 1328 3473 exigit

110 3509 283 3589 egregium.
330 3508 412 3571 Erat
444 3504 685 3585 aequissimum,
718 3504 752 3565 et
784 3501 818 3563 in
845 3499 1055 3564 advocatione
1083 3497 1221 3561 eandem
1244 3495 1329 3559 fidem

109 3604 253 3676 exhiberi
278 3607 531 3685 amensoribus3
555 3606 610 3669 sed
626 3603 686 3667 hoc
703 3620 903 3683 possessores
923 3618 1026 3681 aequo
1045 3600 1153 3663 animo
1173 3598 1257 3663 ferre
1275 3614 1328 3660 110ss

108 3718 258 3795 possunt:
282 3731 356 3775 nam
380 3729 449 3775 cum
468 3709 518 3773 his
537 3708 659 3771 veritas
684 3705 829 3786 exposita
853 3708 910 3782 est,
935 3703 1093 3766 aduersus
1116 3701 1329 3765 sinceritatem

110 3816 191 3879 artis
213 3813 318 3878 facere
342 3819 468 3894 cogunt.
