2916 4860
1262 355 1313 408 Vll

80 497 153 562 sint
177 495 302 559 collecti
328 495 359 557 in
387 494 544 558 Huschkii
572 494 825 575 iurisprudentia
853 493 1116 558 anteiustiniana.
1163 494 1211 557 Ex
1238 495 1313 558 reli-

82 616 160 696 quis
185 618 295 678 autem
328 632 438 678 eorum
468 615 562 679 modo
586 616 743 679 rationem
767 613 819 677 hic
841 613 1022 677 habendam
1046 613 1239 693 existimavi,
1259 615 1314 693 qui

83 739 182 798 extra
215 732 436 814 vulgaremet
464 734 642 813 parabilem
665 733 840 797 latinorum
868 733 1061 812 scriptorum
1091 732 1214 812 copiam
1238 737 1315 796 sunt

82 856 119 916 et
150 853 305 915 maiorem
339 852 501 931 quandam
537 853 569 915 in
606 853 686 916 iuris
723 851 871 916 doctrina
911 850 1033 915 habent
1073 850 1312 914 auctoritatem.

81 969 208 1046 Quodsi
231 987 306 1032 vero
330 970 401 1049 quis
425 947 523 1049 dicat,
548 970 645 1034 etiam
669 970 749 1034 alios
768 968 868 1032 fuisse
890 969 1109 1048 recipiendoS‚
1134 969 1252 1033 aliosve
1276 987 1314 1034 ex

10 1086 1313 1168 'ffimfflfflwmffimwmmmmfflmm

81 1205 1314 1288 qmmmfflmmmfflmwmmwmfflwmm

82 1322 822 1403 mmmmnfflmmmmhfflbmm.

172 1443 306 1506 Penitus
337 1444 550 1528 recedendum
579 1463 597 1506 :r
626 1445 732 1524 priore
760 1444 901 1508 editione
928 1444 1005 1508 mibi
1037 1449 1107 1507 erat
1134 1443 1167 1506 in
1197 1445 1314 1508 consti-

84 1562 218 1626 tuendis
241 1566 306 1625 tam
331 1562 438 1643 legum
461 1582 558 1642 qrram
582 1568 761 1627 ceterorum
778 1563 918 1627 locorum
942 1563 1140 1627 lectionibus
1185 1562 1315 1626 Etenim

83 1681 317 1746 abstinendum
341 1687 413 1744 erat
436 1683 476 1746 ab
495 1679 587 1746 'omni
610 1682 661 1746 cni
685 1681 879 1745 indulseram
902 1681 1047 1760 licentia,
1074 1699 1115 1745 ne
1137 1700 1314 1746 sermonem

86 1800 259 1880 antiquum
283 1799 315 1862 in
339 1801 549 1865 recentiorem
578 1806 797 1865 converterem
820 1820 901 1865 nere
924 1801 989 1884 ullo
1018 1800 1081 1864 alio
1111 1802 1204 1865 modo
1234 1800 1313 1882 legi·

84 1920 186 1982 timas
211 1919 386 1999 scripturas
409 1925 589 1997 mutarem3
611 1921 804 2000 praesertim
827 1921 859 1983 in
889 1920 1153 2000 inscriptionibus
1181 1938 1326 1988 accurar

83 2037 1311 2121 mmmmmmmmtmmmmmmmmmmmmmmw

83 2143 224 2220 servavi.
256 2134 635 2221 Necessarias'vitiorrim
660 2158 901 2222 emendationes
925 2158 1046 2239 ubique
1070 2161 1128 2221 aut
1151 2157 1235 2221 notis
1257 2162 1315 2220 aut

82 2275 273 2338 litterarum
300 2273 402 2339 forma
425 2276 577 2353 indicavi3
605 2282 699 2340 notas
723 2295 816 2355 vero,
840 2280 908 2341 tam
936 2277 1066 2340 criticas
1103 2294 1198 2357 quam
1225 2275 1313 2339 litte·

82 2393 190 2457 rarias
207 2397 242 2457 et
261 2394 452 2474 exegeticus,
477 2395 518 2458 ad
539 2400 627 2459 artos
646 2395 721 2459 libri
744 2396 904 2460 manualis
926 2393 1006 2459 fines
1028 2395 1147 2476 redegi.
1175 2392 1313 2469 Quicun-

83 2530 150 2593 que
173 2511 276 2592 igitur
300 2514 483 2577 accuratius
507 2514 647 2594 aliquem
672 2515 776 2578 locum
801 2520 944 2579 tractare
963 2515 1060 2594 volet,
1085 2515 1126 2578 ad
1149 2513 1314 2577 uberiores

84 2630 333 2709 inscriptionum
358 2632 561 2696 collectiones
586 2632 705 2697 aliosve
728 2633 827 2698 libros
850 2633 982 2698 accedat
1005 2637 1200 2698 necesseest.
1229 2631 1314 2695 Tan-

46 2743 48 2745 ’
85 2755 156 2812 tum
180 2749 301 2813 etenim
324 2751 429 2828 abest,
462 2756 499 2815 ut
522 2770 654 2815 avocare
678 2752 719 2815 ab
743 2752 783 2816 iis
806 2751 915 2830 velim,
938 2758 974 2815 ut
996 2752 1136 2816 invitare
1165 2751 1314 2831 viamque

88 2865 130 2930 ad
153 2884 208 2930 eos
232 2868 358 2947 aperire
381 2870 581 2951 propositum
605 2870 752 2936 habeam.

172 2986 209 3049 In
239 2987 342 3051 titulis
373 2989 605 3068 sepulcralibus
638 2994 671 3053 et
702 2990 734 3052 in
766 2989 924 3068 omnibus,
955 3007 1035 3070 quos
1058 3008 1075 3052 e
1102 2989 1314 3069 scriptoribus

87 3106 204 3184 recepi,
228 3106 306 3170 locis
328 3106 499 3172 brevitatis
523 3107 630 3172 studio
654 3109 756 3173 multa
780 3109 923 3190 quidem,
948 3127 1030 3189 quae
1054 3109 1095 3172 ad
1119 3126 1185 3171 rem
1208 3125 1313 3171 meam

88 3221 192 3288 facere
216 3224 296 3289 mihi
318 3245 381 3290 non
404 3227 608 3306 videbantur,
632 3228 733 3306 omisi,
764 3246 890 3307 semper
918 3232 1027 3291 autem
1055 3227 1151 3291 certis
1181 3226 1314 3306 quibus-

91 3344 160 3406 dam
193 3344 296 3424 signis
327 3344 360 3408 id
391 3346 541 3410 indicavi.
587 3346 630 3410 ‘Si
656 3348 728 3434 plus
761 3348 905 3411 minusve
938 3347 1103 3425 secuerim,
1136 3363 1169 3409 se
1199 3344 1313 3409 fraude

90 3460 176 3525 osto'.
