2916 4860
642 357 726 424 Leges
744 356 796 408 XII
814 357 975 409 tabularum.

279 527 327 592 14.
351 529 430 592 Gell.
454 529 514 607 (11,
546 534 596 606 18,
629 530 674 609 81·
703 528 752 590 Ex
782 527 1117 593 eeterisimaniiestis
1143 528 1271 593 furibus
1298 530 1410 594 liberos

192 631 356 695 verberari
372 631 543 710 addicique
558 632 721 695 iusserunt
734 630 853 711 (Xriri)
869 632 911 708 ei,
928 632 979 693 eui
993 629 1114 694 furtum
1126 629 1249 695 factum
1264 639 1351 696 esset
1364 653 1410 710 —3

193 751 300 796 servos
328 733 575 796 -rerberibus
599 731 683 796 affici
706 739 739 795 et.
758 751 775 796 e
799 752 875 796 saxo
900 733 1121 813 p1·aeeipitari;
1146 733 1201 798 sed
1221 753 1340 814 pueros
1358 735 1410 798 im·

192 835 331 915 puberes
367 835 526 913 praetoris
565 835 729 898 arbitratu
763 834 927 898 verberari
962 834 1134 898 voluerunt
1156 836 1350 916 noxiamque
1375 872 1408 881 —

192 937 316 999 sarciri.

279 1036 327 1100 15.
352 1057 378 1101 a.
405 1036 558 1118 Coneepti
581 1044 614 1101 et
636 1038 735 1103 oblati
757 1037 860 1119 (furti)
883 1057 987 1119 poena
1010 1039 1134 1122 exlege
1151 1039 1214 1103 ΧΗ
1232 1041 1302 1104 tab.
1327 1042 1409 1122 tripli

192 1147 251 1204 est.
276 1141 365 1215 —b‚
390 1191 395 1204 .
421 1190 428 1205 .
453 1163 800 1204 ‚aarerrrnre1o...
1233 1209 1237 1216 ,

279 1242 327 1307 16.
351 1243 509 1308 Simorum
523 1267 621 1314 ramo,
638 1265 713 1319 quon
727 1266 780 1307 rae
795 1265 978 1306 irarmrsruu
992 1266 1058 1307 uam
1074 1299 1078 1307 .
1093 1298 1098 1308 .
1113 1293 1118 1306 .
1140 1243 1301 1325 [duplione
1329 1247 1407 1308 dum·

191 1367 267 1408 ttrite
289 1346 444 1429 [derideto]
528 1381 530 1384 ·

279 1447 328 1510 ll.
351 1448 424 1512 Gal.
442 1449 485 1524 (2.
501 1449 566 1528 45):
588 1447 740 1512 furtivam
755 1451 846 1526 (rem)
860 1449 909 1512 len
926 1448 987 1511 XII
1004 1450 1069 1513 tab.
1085 1467 1145 1512 usu
1163 1449 1235 1529 capi
1254 1450 1406 1529 probibet.

237 1637 239 1641 y
279 1548 326 1611 18.
350 1571 377 1614 a.
396 1552 496 1614 Tacit.
508 1550 594 1631 (orata
609 1556 638 1627 6,
655 1553 716 1629 16):
732 1551 794 1614 XII
810 1550 930 1614 tabulis
946 1556 1106 1625 sanetum,
1126 1569 1166 1613 ue
1182 1551 1255 1630 quis
1272 1553 1407 1615 uneiario

191 1650 300 1716 fenore
315 1654 453 1732 amplius
469 1660 641 1716 erereuet.
667 1690 706 1697 -
730 1654 760 1717 b.
786 1652 862 1716 Certo
876 1653 924 1729 (de
945 1674 970 1714 r.
992 1674 1017 1714 r.
1037 1651 1132 1733 pusi:
1154 1651 1295 1716 Maiores
1318 1654 1406 1716 -in

192 1754 318 1835 legibus
338 1756 533 1834 posiverunt,
553 1752 656 1818 iurem
668 1755 758 1834 dupli
770 1756 984 1832 condemnari,
1004 1753 1219 1818 feneratorem
1235 1756 1407 1836 quadrupli.
1450 1829 1452 1841 Ι

279 1855 328 1920 19.
353 1857 611 1938 1111131112,
637 1862 687 1933 12,
714 1857 777 1937 11):
798 1857 846 1919 Er
879 1875 975 1920 carisa
999 1856 1137 1935 depositi
1164 1855 1235 1936 Iege
1263 1856 1327 1919 XII
1350 1857 1405 1921 tab.

192 1955 223 2021 in
249 1959 382 2039 duplum
405 1961 489 2023 aetio
513 1960 617 2022 datar.

191 2183 319 2245 permisit,
338 2200 426 2247 quarn
446 2184 469 2231 si
492 2184 541 2232 telo
560 2201 585 2233 se
604 2179 736 2233 defendat'.
764 2185 800 2232 De
823 2184 877 2232 sola
892 2183 1060 2248 permissione
1078 2182 1217 2246 loquuntur
1236 2179 1299 2230 Gal.
1320 2179 1356 2232 ad
1372 2177 1404 2230 ed.

191 2252 236 2317 (D.
255 2258 281 2316 9,
301 2259 327 2320 2,
346 2260 370 2317 4,
388 2258 427 2314 1l:
463 2256 526 2308 ‘Lex
543 2260 595 2309 XII
614 2262 663 2310 tab.
691 2260 770 2309 furem
797 2286 830 2293 —
857 2260 970 2308 interdiu
997 2259 1179 2323 deprehensum
1211 2261 1256 2307 ita
1286 2259 1405 2323 permittit

191 2335 313 2399 occidere,
341 2339 365 2385 si
392 2339 414 2386 is
433 2335 484 2385 telo
504 2354 528 2385 se
548 2333 678 2386 defeudat'.
707 2331 774 2383 Geli.
795 2335 900 2393 (11.18,
919 2334 961 2394 6):
979 2332 1065 2384 ‘Xriri
1083 2360 1117 2368 -
1136 2346 1189 2383 turn
1209 2335 1310 2383 demum
1328 2335 1401 2383 oceidi

191 2412 478 2478 (furem)perrniserunt,
497 2415 524 2462 si
545 2424 609 2476 aut,
628 2432 682 2464 eum
694 2413 897 2475 faeeretfurtum,
917 2430 966 2462 nox
976 2422 1048 2474 esset,
1068 2422 1121 2460 aut
1135 2411 1250 2461 interdiu
1270 2412 1319 2460 telo
1339 2429 1363 2460 se
1379 2437 1406 2444 -

191 2485 349 2539 defenderet'.
375 2486 427 2540 (72¹0.
438 2492 474 2557 (p.
485 2486 545 2539 Md.
563 2492 589 2549 3,
607 2492 647 2543 9t:
665 2489 725 2541 ‘XII
744 2492 793 2540 tab.
812 2498 962 2540 nocturnum
981 2491 1060 2538 furem
1076 2505 1176 2554 quoquo
1194 2489 1277 2551 modo,
1296 2490 1406 2538 diurnum

191 2578 274 2616 autem
294 2569 319 2616 si
339 2585 364 2616 se
384 2569 432 2617 telo
457 2569 606 2632 defenderet,
633 2571 745 2619 interfici
773 2571 878 2633 impune
905 2560 1055 2616 voluerunt’.
1096 2561 1157 2628 Ulp.
1177 2560 1215 2612 del
1232 2561 1273 2614 ed.
1294 2562 1368 2625 tColl.
1384 2565 1406 2623 2,

190 2643 215 2699 7,
233 2644 258 2705 3,
276 2645 319 2702 2):
345 2643 434 2694 ‘furem
460 2656 620 2710 nocturnum,
647 2665 719 2713 quem
748 2649 764 2698 1.
792 2648 843 2696 XII
862 2647 912 2695 tab.
935 2647 1003 2694 omni
1034 2645 1106 2692 modo
1134 2643 1263 2707 permittit
1292 2645 1405 2703 oeeidere,

191 2730 235 2770 aut
254 2722 381 2786 diurnruu,
400 2741 472 2788 quem
492 2741 569 2788 aeque
586 2725 627 2774 Iex
645 2726 782 2790 permittit,
801 2724 844 2772 sed
863 2725 908 2771 ita
927 2723 1034 2783 demum,
1053 2721 1079 2769 si
1100 2737 1125 2768 se
1144 2720 1193 2769 telo
1212 2716 1346 2772 defeudat'.

260 2795 301 2847 14.
320 2796 382 2847 Gal.
402 2800 434 2860 13,
454 2798 529 2861 radi:
547 2800 641 2850 ‘Poena
659 2801 788 2849 manifesti
808 2799 871 2847 furti
891 2798 993 2861 exlege
1011 2796 1062 2845 XII
1072 2796 1122 2845 tab.
1141 2795 1265 2858 eapitaiis
1276 2809 1337 2858 erat,
1355 2808 1406 2844 narn

189 2876 256 2925 liber
273 2878 417 2926 verberatus
436 2879 600 2928 addicebatur
618 2879 651 2940 ei,
670 2879 711 2926 eui
723 2878 820 2925 lurtum
838 2874 942 2933 feeer'at3
961 2883 1046 2922 utrum
1065 2883 1149 2922 autem
1168 2889 1254 2921 servus
1273 2873 1406 2922 efficeretur

191 2969 220 3002 ex
238 2954 391 3016 addictione,
410 2973 442 3004 au
461 2956 601 3005 adiudicati
622 2956 676 3003 loeo
695 2955 900 3014 constitueretur,
922 2961 1017 3000 veteres
1039 2952 1207 3015 quaerebant3
1236 2951 1264 2998 iu
1293 2951 1404 3008 laertIum

191 3048 268 3097 aeque
286 3032 459 3094 terberet[trut
477 3028 767 3092 atritutttlt'et·lebdlttt·].'
814 3025 880 3079 Gall.
900 3029 952 3085 (20.
971 3029 995 3085 1,
1013 3026 1053 3084 t).-
1079 3023 1177 3075 ‘druam
1196 3043 1248 3074 esse
1267 3027 1350 3091 legem
1367 3043 1408 3091 pu·

190 3118 237 3172 tas,
257 3127 320 3175 quae
339 3137 372 3143 —
391 3113 469 3160 surena
489 3113 649 3161 manifestum
669 3113 701 3174 ei,
721 3111 761 3159 eui
782 3111 875 3158 furtum
896 3108 989 3156 feretum
1008 3115 1054 3168 est,
1074 3106 1102 3153 iu
1121 3106 1268 3154 servitutem
1291 3099 1393 3155 traditi'

257 3184 297 3236 15.
318 3204 339 3235 a.
360 3188 394 3236 Cs.
416 3185 477 3236 Gai.
498 3187 531 3251 (3,
549 3188 676 3242 rao-m:
711 3185 874 3250 ‘Conceptum
894 3185 989 3233 furtum
1008 3182 1112 3244 dieitur,
1136 3199 1192 3230 euru
1212 3182 1282 3244 apud
1306 3182 1407 3246 aliquem

190 3265 299 3313 testibus
318 3252 496 3329 praesentibus
515 3267 611 3316 furtiva
633 3283 672 3314 res
691 3266 806 3330 quaesita
824 3271 849 3311 et
867 3264 971 3311 inventa
988 3272 1037 3312 est:
1056 3286 1089 3292 -
1107 3259 1220 3308 oblatum
1237 3285 1279 3321 -‚
1299 3279 1355 3310 eum
1374 3276 1407 3310 res

187 3342 283 3391 furtiva
302 3343 350 3391 tibi
370 3345 401 3393 ab
420 3345 507 3409 aliquo
521 3344 606 3393 oblata
617 3345 660 3405 sit,
679 3360 756 3406 eaque
775 3341 841 3405 apud
852 3353 874 3389 te
889 3351 1009 3402 eone-epta
1027 3333 1080 3387 sit'.
1100 3361 1131 3370 -
1150 3338 1173 3385 b.
1194 3332 1285 3386 Fert:
1304 3337 1408 3388 ‘Lanee

189 3428 216 3466 et
235 3418 317 3467 lieio
337 3420 468 3471 dicebatur
486 3422 554 3486 apud
573 3423 700 3485 antiquos,
720 3421 781 3484 quiri
799 3420 843 3484 qui
863 3419 958 3466 furtum
981 3417 1034 3465 ibat
1053 3431 1170 3480 quaerere
1189 3415 1218 3463 in
1237 3417 1311 3465 domo
1331 3418 1409 3466 abeno

186 3495 250 3542 lieio
277 3496 375 3546 dinetus
402 3501 514 3549 intrabat
539 3499 686 3562 lancemque
715 3510 772 3546 ante
795 3497 880 3544 oeulos
905 3488 1020 3544 tenebat'.
1056 3488 1111 3539 Gur
1137 3490 1408 3554 (3,192i:‘1extxtl

187 3571 248 3626 tab.)
268 3596 298 3604 ··
317 3575 455 3637 praeeIpit,
474 3586 502 3625 ut
520 3576 565 3640 qui
585 3590 702 3639 quaerere
720 3573 784 3620 velit
802 3571 883 3619 nudus
902 3579 1005 3634 quaerat
1023 3569 1104 3616 linteo
1123 3568 1230 3631 einetuS,
1249 3570 1347 3618 lancem
1368 3571 1408 3617 ha·

186 3647 260 3708 bens3
287 3649 331 3711 qui
360 3651 382 3697 si
410 3651 472 3714 quid
491 3651 626 3712 invenerit,
654 3649 723 3697 iubet
752 3649 778 3696 id
795 3648 835 3696 lex
854 3647 947 3695 furumr
966 3646 1129 3694 manifestum
1148 3639 1209 3692 esse’
1246 3643 1287 3706 ((1.
1306 3641 1325 3710 §
1344 3644 1407 3706 193).

187 3720 253 3773 Geli.
273 3719 326 3786 (11,
344 3725 386 3782 18,
404 3726 444 3784 91·
471 3723 548 3776 ‘furta
575 3744 638 3791 quae
657 3742 711 3789 per
728 3725 825 3773 Ianeem
844 3724 983 3787 liciumque
1002 3732 1123 3784 concepta
1142 3732 1233 3782 essent,
1258 3723 1366 3785 proinde
1383 3738 1407 3770 ao

186 3804 207 3851 si
227 3802 363 3858 manifesta
387 3804 480 3865 l'oreut,
505 3803 701 3852 vindieaverunt·
720 3801 778 3855 (XII
799 3796 867 3849 tabl’
887 3801 927 3861 ro,
946 3800 988 3862 10,
1008 3802 1038 3846 ὃς
1071 3795 1136 3846 ‘euru
1154 3798 1288 3861 proletarii
1309 3826 1342 3833 -
1360 3801 1407 3848 fur·

186 3888 318 3943 torumque
342 3880 457 3943 quaestio
482 3877 560 3928 ‘euru
582 3880 654 3927 lant-e
678 3890 701 3927 et
725 3872 796 3926 lieio'
815 3878 964 3925 evanuerint
983 3878 1115 3940 omnisque
1135 3875 1181 3924 illa
1199 3874 1251 3923 XII
1270 3877 1320 3924 tab.
1345 3876 1407 3925 anti·

185 3950 279 4020 quitas'
297 3956 342 4004 ere.
380 3952 446 4002 Just.
468 3950 503 4017 ql.
527 3951 607 4002 'litter
627 3950 723 4008 altili.
741 3953 765 4010 7,
783 3953 816 4000 44
844 3966 862 3999 rr
889 3953 964 4012 atior:
988 3951 1078 4001 ‘nudus
1102 3952 1295 4016 ingrediebatur
1314 3954 1407 4002 diseum

185 4030 312 4095 fietile(ut)
331 4033 359 4082 in
378 4032 462 4096 eapite
480 4043 582 4094 portans
602 4033 715 4096 utrisque
734 4032 852 4079 trionibus
871 4030 984 4078 detentus
1004 4025 1193 4091 teleletttrturPI'.

253 4107 293 4160 16.
313 4105 400 4157 Fert:
418 4111 450 4157 'N
458 4126 488 4157 et·
507 4110 712 4158 eoniunttionenr
724 4135 756 4143 —-
770 4108 880 4172 positum
900 4123 952 4154 esse
971 4109 1002 4155 ab
1021 4109 1136 4172 antiquis
1157 4124 1274 4170 pronon,
1294 4119 1321 4157 ut
1340 4108 1406 4156 etin

183 4186 234 4235 XII
253 4198 299 4236 est:
329 4213 361 4220 -
390 4187 462 4234 item:
492 4198 516 4232 sr
539 4212 572 4219 -
591 4181 671 4233 uarr'.
708 4182 769 4233 Gai.
790 4184 823 4244 (3,
842 4184 917 4230 tutti:
954 4184 1014 4232 ‘Xer
1033 4185 1162 4233 nranilesti
1183 4186 1245 4234 furti
1265 4199 1405 4250 poenaper

182 4263 264 4326 legem
283 4264 333 4313 XII
352 4265 401 4313 tab.
422 4264 493 4327 dupli
523 4259 674 4327 inrogatur'.
710 4259 777 4311 (r'ell.
797 4263 847 4321 qil,
866 4264 908 4320 Ib',
928 4262 984 4310 rol:
1011 4258 1096 4310 ‘furtis
1119 4263 1250 4322 erunibus,
1278 4279 1341 4326 quae
1364 4275 1404 4310 nec

183 4340 317 4389 manifesta
333 4341 505 4405 appellantur,
524 4357 629 4404 poenam
651 4342 823 4403 imposuerunt
842 4335 931 4404 dupli'.
949 4365 981 4372 -
1001 4340 1037 4386 CI.
1058 4334 1130 4402 Fert,
1149 4339 1269 4387 Adorare.

252 4415 290 4466 11.
312 4418 347 4468 cf.
369 4415 432 4466 (itu'.
453 4418 479 4472 2,
498 4417 539 4465 la.
558 4413 582 4464 Ι.
601 4418 628 4472 2,
647 4419 671 4472 o‘,
689 4418 715 4466 2.
734 4413 770 4466 D.
789 4418 830 4473 41,
849 4419 874 4477 3,
892 4418 926 4464 33
944 4428 984 4478 pr.
