2916 4860
621 389 748 460 Collegis.
1228 395 1290 460 227

65 562 139 626 apud
158 557 216 610 Ηιι.
235 563 316 612 multa
333 563 465 612 continent
482 582 573 630 parum
591 578 660 631 apta,
683 575 712 616 ut
729 566 794 617 illud
807 562 947 630 profectus
960 577 1079 630 pereger,
1102 567 1168 632 quod
1186 575 1236 618 tem
1255 578 1293 619 est

64 637 194 688 Latinum
214 655 290 704 quam
307 640 420 692 futurum
439 643 527 706 paullo
545 653 603 693 ante
622 645 653 692 ab
662 639 721 692 Hae
734 645 881 694 restitutum
898 638 975 705 abiet,
985 654 1010 692 et
1022 643 1089 706 quod
1103 644 1218 708 sequitur
1235 641 1292 693 lon·

61 711 130 778 qiua
145 710 247 778 pedum
265 717 369 766 centum
385 714 470 780 aazia,
490 721 563 785 quasi
583 737 629 784 pro
647 737 725 786 passu
743 721 822 769 etiam
839 737 885 785 pes
903 720 932 768 in
945 720 1071 768 eiusmodi
1081 719 1292 768 mensuralocum

62 791 190 855 obtineat,
208 799 234 842 et
251 795 355 842 emam
371 791 448 843 milia
462 798 535 861 quasi
551 797 634 847 notari
648 797 749 861 possint
761 798 878 846 absurdis
888 798 947 847 istis
956 798 1024 848 notis
1035 797 1061 847 C.
1071 797 1117 859 M,
1127 811 1190 860 quas
1199 804 1291 845 temere

62 868 203 919 substituit
216 870 292 934 plane
308 887 384 920 sanae
396 871 505 921 lectioni
516 871 594 935 CXX,
606 873 623 922 i.
635 889 656 921 e.
666 875 768 922 eentttm
777 875 802 921 et
810 870 907 937 triginti
914 869 999 936 milia,
1008 882 1037 923 ut
1046 871 1205 922 certissimae
1214 887 1291 935 quae·

62 962 113 1010 que
132 963 296 997 numerorum
315 958 481 1014 notarumque
500 949 570 1013 leges
588 951 674 999 eadem
693 966 743 1014 qua
760 951 940 1014 grammaticae
950 953 1028 1000 ruina
1035 957 1148 1015 pereant.
1168 949 1217 997 Sed
1228 949 1291 998 satis

62 1024 98 1073 sit
117 1024 149 1072 de
168 1024 234 1074 istis.
263 1025 333 1074 Mihi
351 1025 452 1074 videtur
470 1034 592 1075 tractatus
611 1027 640 1075 de
656 1027 799 1076 eiuratione
808 1028 847 1076 ita
857 1027 1011 1090 continuari,
1021 1036 1050 1075 ut
1058 1025 1172 1090 primum
1180 1025 1226 1088 qui
1236 1025 1289 1073 eiu·

61 1101 192 1151 rationem
202 1101 327 1164 omiserit,
345 1112 446 1166 praeter
463 1103 572 1152 multam
590 1104 684 1153 honore
698 1113 723 1153 et
737 1103 861 1168 suffragio
871 1103 990 1167 deinceps
1000 1112 1093 1165 careat,
1102 1102 1291 1166 multaquoque

63 1186 154 1226 contra
168 1193 223 1226 eam
241 1177 323 1242 legem
341 1177 447 1228 facienti
467 1179 574 1242 adiecta,
593 1180 682 1228 deinde
700 1187 822 1244 pergatur
840 1180 871 1228 ad
889 1180 1077 1229 excusationem
1095 1177 1249 1227 eiurationis
1267 1188 1292 1226 et

63 1252 194 1302 iudicium
205 1253 234 1301 de
253 1254 412 1303 excusatione
431 1271 460 1304 ea
478 1256 672 1306 instituendum.
700 1258 772 1312 Quod
791 1258 821 1306 de
839 1272 868 1305 ea
882 1257 967 1321 posui,
980 1264 1009 1306 ut
1022 1270 1181 1320 nequaquam
1195 1264 1291 1304 certum

62 1340 109 1393 est,
130 1331 168 1378 ita
186 1331 278 1395 opinor
295 1347 340 1395 per
358 1333 537 1395 seprobabile;
556 1351 645 1399 nempe
660 1335 788 1384 iudicium
799 1351 876 1398 penes
885 1335 1022 1397 magistros
1032 1349 1093 1392 esse,
1103 1332 1290 1381 excusationem

62 1417 149 1456 autem
172 1407 276 1456 admitti
299 1408 433 1472 magistri,
456 1410 499 1474 qui
518 1426 567 1476 quo
586 1411 627 1460 die
644 1411 796 1474 magisterio
814 1411 867 1460 sibi
885 1411 1027 1460 abeundum
1046 1410 1094 1469 sit,
1115 1406 1290 1471 reipublicae

62 1490 106 1533 aut
130 1483 188 1532 litis
211 1499 287 1533 causa
309 1484 431 1535 consistat
449 1487 477 1535 in
494 1487 550 1536 loco
568 1488 668 1537 dierum
686 1504 728 1538 sen
746 1487 893 1552 pluriumve
911 1486 1005 1537 itincre
1023 1486 1054 1534 ab
1072 1485 1134 1535 urbe
1152 1485 1234 1533 Roma
1252 1500 1290 1532 re-

59 1570 143 1620 moto;
163 1576 228 1622 eum,
247 1561 292 1626 qui
311 1578 360 1610 non
380 1563 522 1612 antediem
541 1565 696 1615 eiurationis
715 1565 901 1614 excusationem
920 1559 1030 1627 adleget,
1046 1561 1160 1623 multam,
1170 1561 1290 1623 exiguam

58 1645 145 1686 tamen
169 1633 266 1686 assium
286 1637 317 1701 L,
340 1638 442 1687 sufferre
461 1640 563 1703 debere;
592 1642 700 1706 denique
722 1643 754 1690 ab
776 1641 918 1690 eiuratione
945 1646 1011 1688 recte
1035 1646 1181 1687 excusatum
1204 1636 1290 1685 nihilo

59 1713 148 1761 minus
167 1728 216 1777 quo
235 1722 346 1779 tempore
363 1716 457 1780 poterit
475 1716 573 1765 eiurare
592 1725 716 1781 oportere,
725 1724 755 1766 ut
763 1715 844 1765 multa
853 1730 959 1779 quoque,
969 1727 1122 1778 quamquam
1130 1728 1183 1760 non
1191 1711 1290 1775 gravis·

59 1790 136 1852 sima,
154 1806 206 1839 non
224 1791 336 1841 eiuranti
346 1793 385 1841 ita
402 1793 558 1857 imponatur.
577 1793 647 1848 Quae
661 1794 804 1842 emendatio
820 1791 888 1840 mihi
903 1788 1061 1838 admittenda
1074 1787 1132 1851 fuit,
1142 1788 1241 1836 uthaee
1251 1787 1290 1836 ita

58 1865 248 1930 ordinarentur,
267 1881 339 1917 REIP·
355 1881 398 1918 ΕΤ·
416 1880 488 1918 mals
507 1885 554 1933 pro
573 1881 740 1931 REIPERJTIS,
759 1885 788 1917 ea
797 1861 938 1916 Httachdt'o
956 1872 1059 1927 accepto
1077 1863 1179 1912 ferenda
1196 1870 1241 1912 est.
1256 1888 1289 1895 -

58 1943 153 2008 Capite
172 1946 274 1994 tertio
295 1946 360 2010 quod
378 1946 461 2009 posui,
481 1946 650 2010 simplicitate
664 1947 756 2010 opinor
768 1951 881 2009 praestat
895 1943 1000 1992 invento
1009 1939 1180 1989 Huschkiano
1189 1949 1214 1989 et
1223 1948 1289 1988 recte

57 2028 164 2084 aptatur
181 2021 319 2084 prioribus.
355 2022 456 2084 Nempe
477 2022 566 2070 absens
585 2023 608 2071 si
627 2037 672 2085 per
691 2022 772 2070 alium
790 2037 816 2068 se
834 2021 963 2069 excusavit
978 2034 1057 2082 neque
1067 2019 1090 2066 is
1099 2018 1168 2066 iusto
1177 2025 1289 2079 tempore

57 2097 207 2160 nuntiavit,
230 2099 312 2147 multa
334 2098 436 2163 quidem
459 2098 545 2147 eadem
565 2107 616 2160 est,
640 2099 683 2146 sed
701 2098 808 2147 multam
827 2111 882 2145 eam
901 2104 945 2145 aut
963 2093 1071 2144 nuntius
1089 2094 1178 2144 statim
1195 2093 1290 2141 inserat

58 2190 161 2222 neeesse
180 2183 231 2234 est,
259 2183 303 2224 aut
322 2191 394 2238 eam,
413 2175 435 2224 si
453 2176 576 2240 magister
594 2175 698 2237 intulit,
721 2175 845 2224 anuntio
862 2180 976 2237 repetere
998 2178 1089 2235 potest.
1130 2170 1180 2218 Pro
1197 2169 1290 2218 maiae

53 2247 190 2314 petttnt'cte
207 2253 251 2301 eui
270 2253 354 2316 magis
372 2253 494 2317 placebit,
513 2248 648 2318 quodHu.
667 2252 763 2317 posuit,
781 2246 867 2315 dupla
882 2245 1007 2314 pecunia,
1026 2247 1051 2296 ei
1067 2246 1290 2306 noncontradico,

59 2353 94 2361 -
124 2328 226 2392 Capitis
253 2329 360 2394 quarti
388 2331 540 2380 sententiam
567 2338 633 2378 recte
660 2330 753 2393 opinor
775 2329 907 2393 perspexit
932 2319 1113 2385 Rudorfffuta:
1140 2322 1241 2371 seilicet
1261 2330 1290 2370 ut

60 2411 164 2468 praeter
182 2405 276 2454 multas
295 2405 398 2470 exlege
417 2407 593 2455 descendentes
611 2406 720 2455 maiores
739 2405 851 2470 praetori
870 2402 974 2468 publico
984 2417 1042 2465 pop.
1053 2400 1125 2447 Rom.
1136 2397 1288 2462 permissum

58 2489 97 2530 est
125 2480 179 2530 aivi
213 2481 298 2531 cuivis
324 2482 429 2532 multam
458 2483 542 2531 dicere
570 2499 646 2548 quam
674 2491 764 2532 vocant
789 2482 942 2540 maximam,
969 2478 997 2527 id
1024 2485 1062 2525 est
1087 2491 1140 2523 non
1165 2474 1288 2524 maiorem

57 2560 157 2607 assium
176 2559 311 2608 MMMXX
329 2553 506 2618 (Stoatsrectt
529 2558 646 2623 1,128t‚
668 2561 706 2609 ita
729 2560 853 2624 magistro
877 2555 981 2621 collegii
1000 2553 1125 2603 lullonum
1144 2551 1229 2600 simile
1248 2551 1290 2599 ius

57 2634 180 2684 adversus
198 2635 306 2684 fullones
325 2636 464 2700 tribuitur,
488 2636 561 2686 modo
585 2653 652 2693 asses
675 2636 791 2699 singulos
809 2634 928 2698 singulae
946 2631 1041 2681 multae
1059 2645 1091 2678 ns
1109 2628 1237 2678 excedant.
1260 2652 1288 2659 --

58 2710 152 2774 Capite
171 2711 288 2776 quinto
307 2721 365 2762 ante
383 2715 472 2762 omnia
491 2714 608 2777 ineptum
627 2713 692 2762 illud
711 2706 805 2776 &ptius
824 2713 863 2760 ita
880 2708 1020 2759 tollendum
1039 2712 1085 2768 est,
1103 2712 1132 2753 ut
1150 2703 1289 2752 substitua-

57 2795 100 2836 tur
130 2787 198 2836 iusta
227 2789 433 2853 interpunctione
456 2801 479 2836 1>-
504 2801 526 2837 R·
552 2799 603 2836 IVS.
648 2788 704 2842 Quo
727 2789 814 2850 posito
837 2783 1006 2850 probabiliter
1030 2781 1089 2829 inde
1107 2779 1234 2827 efficietur
1260 2779 1289 2825 in

57 2862 199 2926 collegium
226 2864 273 2912 hoc
301 2881 357 2913 eum
384 2864 524 2913 admissum
550 2880 616 2925 esse,
644 2863 688 2926 qui
716 2862 779 2910 duas
803 2861 921 2920 lacunas,
949 2857 977 2907 id
999 2867 1037 2905 est
1059 2856 1141 2904 fontes
1169 2853 1288 2917 publicos

56 2939 152 3004 populi
172 2941 284 2990 Romani
308 2941 414 2991 utendos
433 2940 484 2989 sibi
503 2941 535 2988 ab
554 2956 583 2988 co
601 2947 785 3002 comparasset,
808 2935 920 2999 vectigal
939 2934 998 2983 inde
1016 2933 1114 2980 aerario
1134 2931 1244 2990 solvens;
1263 2931 1286 2978 ci

57 3016 208 3065 condicioni
227 3017 274 3081 qui
293 3018 357 3066 satis
375 3017 484 3079 fecisset,
503 3017 543 3066 ius
562 3017 642 3065 fuisse
660 3015 784 3064 fulloniae
802 3013 954 3063 exercendae
965 3009 1153 3073 exigendaeque
1163 3008 1287 3071 pecuniae

57 3110 106 3158 pro
127 3100 204 3156 creta,
224 3093 251 3142 id
269 3103 306 3144 est
325 3095 418 3158 opinor
436 3109 483 3157 pro
501 3110 549 3143 usu
567 3093 646 3142 fontis
665 3094 696 3141 ad
713 3092 823 3141 lavanda
840 3099 865 3140 et
878 3084 1214 3153 perpoliendavestimenta.
1243 3085 1286 3133 Se·

54 3178 172 3234 quantur
191 3181 265 3220 cauta
283 3172 313 3220 de
331 3187 360 3220 eo
378 3172 423 3236 qui
442 3170 593 3219 condicione
612 3170 659 3218 illa
676 3186 727 3218 non
745 3169 854 3233 impleta
871 3182 918 3230 pro
933 3163 1028 3213 fullone
1038 3178 1064 3210 se
1073 3169 1151 3225 gerat.
1170 3159 1286 3208 Primum

55 3247 194 3296 denuntiat
211 3263 267 3297 eum
286 3247 330 3312 qui
349 3248 409 3308 vult,
423 3247 558 3310 magistro,
577 3248 666 3296 deinde
685 3248 809 3310 magister
827 3245 930 3293 iubetur
944 3257 990 3306 per
1000 3254 1073 3287 ornae
1083 3237 1191 3286 biduum
1202 3238 1287 3285 conti-

57 3341 139 3373 nuum
167 3324 198 3373 ad
224 3324 319 3374 fontem
347 3323 476 3385 accedere,
501 3323 601 3374 scilieet
624 3332 651 3374 ut
669 3322 841 3388 deprehendat
859 3320 883 3368 si
901 3317 947 3383 qui
965 3316 1061 3365 iniuste
1079 3314 1118 3362 ibi
1136 3313 1288 3363 vestimenta

57 3400 157 3464 lavant,
178 3401 266 3462 multe,
285 3401 336 3462 sed,
354 3408 382 3450 ut
400 3408 596 3450 consentaneum
615 3408 664 3464 ost,
682 3415 824 3464 perparva,
843 3397 967 3460 magistro
985 3400 1073 3442 contra
1090 3389 1198 3438 facienti
1215 3405 1288 3452 pree·

39 3510 41 3514 .
60 3479 173 3541 seripta;
192 3478 234 3526 sed
252 3494 283 3526 ne
301 3493 331 3526 ea
349 3477 450 3542 quidem
470 3479 591 3543 exigitur,
610 3479 633 3528 si
652 3479 696 3542 qui
715 3487 802 3525 contra
820 3472 910 3524 lecerit
928 3467 1095 3519 denuntiatus
1109 3465 1167 3529 crit,
1182 3465 1288 3515 cumita

58 3555 178 3605 absentia
195 3554 315 3619 magistri
334 3555 443 3619 collegio
463 3555 581 3603 damnum
599 3569 650 3602 non
669 3553 793 3602 attulerit.
811 3574 843 3583 -
862 3546 983 3611 Sequitur
1002 3541 1087 3604 capite
1111 3541 1198 3590 sexto
1218 3540 1287 3590 iudi·

54 3633 124 3681 cium
150 3640 238 3680 contra
263 3648 320 3680 eum
344 3632 390 3696 qui
414 3631 450 3679 sic
468 3642 496 3680 ut
515 3631 628 3680 diximus
646 3629 810 3678 denuntiatus
829 3632 867 3674 est
884 3621 925 3672 vel
942 3617 1122 3683 deprehensus.
1157 3615 1228 3671 Quae
1247 3615 1287 3664 ibi

53 3708 142 3773 posui,
160 3723 234 3772 posse
252 3723 308 3756 eum
326 3721 463 3771 provocare
482 3706 513 3754 ad
532 3705 661 3755 iudicium
678 3703 805 3769 praetoris
825 3714 903 3763 eaque
921 3691 1102 3759 provocatione
1120 3691 1300 3769 iureiurando¹

53 3786 157 3834 firmata
178 3783 288 3833 liberari
311 3799 327 3831 a
348 3783 495 3846 magistris;
522 3783 549 3831 id
572 3791 656 3831 autem
673 3782 719 3846 qui
736 3796 787 3829 non
806 3778 898 3838 faeiat,
925 3787 1051 3822 unacum
1068 3771 1191 3833 magistro
1209 3767 1286 3852 (huno

52 3862 125 3911 enim
144 3861 298 3910 crediderim
316 3868 344 3909 ut
362 3861 597 3924 apudUrsonenses
615 3861 642 3909 in
663 3858 746 3908 simili
764 3857 867 3920 privato
885 3850 924 3900 rei
941 3847 1061 3912 publicae
1079 3846 1179 3930 iudicio
1192 3851 1286 3927 actoris

52 3938 173 4002 partibus
190 3936 277 4002 fungil
295 3937 327 3987 ad
346 3945 548 4001 recuperatorem
568 3954 647 3986 unum
666 3936 750 3995 adire;
773 3940 906 3994 utrumque
926 3936 1009 3978 autem
1028 3925 1183 3975 caluminam
1201 3933 1286 3966 iurare

53 4023 170 4079 oportere
190 4015 273 4064 multa
291 4031 342 4064 non
361 4015 459 4064 iuranti
477 4015 620 4078 proposita,
639 4031 669 4063 ea
686 4023 715 4062 ut
732 4028 784 4060 non
801 4008 891 4057 omnia
908 4016 976 4055 certa
994 4001 1179 4085 suntitanon
1191 3994 1287 4043 hebent

53 4095 150 4158 opinor
169 4093 198 4142 in
216 4093 292 4142 rebus
311 4093 424 4143 verbisve
434 4094 500 4156 quod
510 4093 626 4142 offendat.
637 4118 668 4125 -—
680 4092 764 4154 Caput
776 4085 946 4150 septimum
960 4090 1046 4144 aperte
1056 4083 1163 4128 vertitur
1173 4088 1202 4119 in
1211 4086 1285 4135 quas-

53 4172 145 4234 stione,
155 4169 280 4234 quomodo
290 4169 366 4219 iudex
375 4186 405 4218 ex
418 4169 466 4217 hac
482 4169 539 4231 lege
557 4168 639 4216 factus
658 4166 717 4230 cogi
734 4161 818 4229 possit
837 4156 965 4207 iudicium
978 4154 1093 4210 reddere3
1112 4147 1154 4196 sed
1164 4145 1284 4210 pleraque

54 4249 153 4303 incerta
172 4255 239 4297 sunt.
267 4247 297 4297 In
316 4246 450 4311 principio
468 4247 498 4295 in
517 4245 662 4296 universum
680 4243 781 4293 ridetur
798 4235 973 4303 perscriptum
988 4230 1075 4290 luisse,
1085 4227 1285 4288 recuperatorem

53 4324 127 4374 illum
145 4339 226 4374 unum
245 4325 341 4389 quique
360 4324 383 4373 ei
402 4324 431 4372 in
450 4321 559 4373 consilio
578 4329 663 4370 essent
681 4318 729 4382 (ita
747 4316 813 4366 enim
834 4309 940 4376 suppleo
959 4314 1064 4371 propter
1079 4292 1285 4366 pluralem-22

53 4393 211 4449 ‘iudicante’
231 4407 255 4448 ct
274 4393 457 4458 ιιίιιειίσαιιίιι),
479 4397 505 4446 ni
527 4397 678 4458 iudicarent,
696 4393 803 4443 multam
818 4385 921 4435 sufferre
936 4374 1184 4512 oporterep'pestitui
1201 4373 1286 4436 itaut

1063 4476 1080 4511 u
