2916 4860
569 345 653 412 Leges
676 346 771 412 regiae.

416 516 472 581 Ill.
506 515 673 581 TULLUS
691 514 926 587 HOSTILIUS.

143 653 170 717 1.
198 652 304 718 Cicero
324 653 376 735 (do
391 675 455 733 rep.
478 649 583 736 2,17).·
606 651 748 735 (Tullus)
772 652 940 715 constituit
958 653 1022 730 ius,
1047 669 1108 732 quo
1130 651 1216 715 bella
1239 652 1287 715 in·

55 756 255 833 dicerentur,
280 755 365 836 quod
383 791 424 799 -
445 756 551 818 sanxit
574 754 676 818 fetiali
691 755 856 835 religione,
880 759 919 817 ut
936 772 1029 817 omne
1048 753 1176 832 bellum,
1201 753 1286 834 quod

55 857 286 922 denuntiatum
305 855 600 938 indictumque'non
617 862 710 943 esset,
733 857 766 919 id
781 857 937 920 iniustum
954 872 1024 920 esse
1040 860 1138 936 atque
1154 856 1286 935 impium

56 960 273 1023 iudicaretur.

142 1058 172 1123 2.
205 1061 317 1124 Livius
342 1064 455 1136 (1‚26):
483 1057 724 1142 Rex.(Tullus)
751 1095 787 1104 -
816 1052 1044 1138 ‘Duurnviros,'
1075 1059 1191 1139 inquit,
1217 1055 1288 1139 ‘qui

56 1162 196 1227 Horatio
232 1163 484 1242 perduellionem
521 1163 679 1241 iudicent,
723 1163 898 1226 seeundum
929 1162 1034 1242 legem
1068 1155 1166 1224 facio?
1221 1161 1288 1224 Lex

42 1265 213 1329 ‘horrendi
245 1264 394 1328 carminis
421 1269 511 1328 erat:
538 1260 721 1327 ‘Duumviri
750 1263 1001 1344 perduellionem
1029 1262 1187 1341 iudicent3
1219 1264 1245 1326 si
1269 1281 1289 1326 a

57 1367 239 1431 duumviris
270 1368 466 1447 provocarit,
505 1367 730 1447 prouocatione
763 1371 903 1430 certato:
943 1367 970 1428 si
1006 1366 1149 1444 vincent,
1189 1369 1290 1445 caput

58 1469 231 1547 obnubilo,
262 1467 381 1532 infelici
413 1467 520 1532 arbori
551 1472 637 1531 reste
670 1468 887 1547 suspendito,1
918 1469 1089 1532 verberato
1117 1466 1167 1530 vel
1202 1467 1289 1530 intra

64 1572 258 1652 pomerium,
282 1571 333 1633 vel
356 1576 448 1634 extra
471 1564 686 1650 ροιιιοιίοιιιῖ2

146 1669 174 1731 3.
199 1672 297 1736 Ιλιόιι.
311 1672 453 1754 ί3,22).·3
475 1669 545 1735 ἔστι
564 1670 600 1734 δὲ
623 1671 676 1734 καί
702 1668 831 1754 νόμος*
843 1670 876 1734 dt
898 1671 1007 1737 ἐκεῖνο
1020 1675 1104 1748 (τῶν
1116 1668 1290 1754 Ὁρατίων)

59 1774 233 1856 καρωθεὶς
255 1772 295 1837 τὸ
318 1771 441 1850 πάθος,
465 1762 493 1856 ᾦ
517 1773 570 1836 καί
596 1771 641 1846 είς
664 1772 718 1856 ἐμὲ
739 1777 897 1855 χρῶνται,
920 1809 961 1817 -
992 1774 1151 1851 κελίοιον)
1174 1767 1224 1848 οἷς
1246 1768 1289 1837 δν

58 1875 229 1958 γένωνται
260 1875 416 1959 τρίδυμοι
445 1875 579 1952 παῖδες,
611 1875 648 1940 ἐκ
682 1878 745 1939 τοῦ
777 1874 937 1958 δημοσίου
968 1872 1028 1949 τὰς
1059 1873 1187 1957 τροφὰς
1219 1879 1290 1939 τῶν

10 2007 13 2015 ’
57 1977 194 2040 παίδων
214 1983 430 2060 χορηγεῖσθαι
453 1976 546 2059 μέχρι
569 1967 656 2060 ἥβης.

142 2077 171 2143 4.
196 2079 293 2143 Dion.
323 2077 468 2161 (3,3d):4
505 2090 577 2153 τοῖς
608 2074 753 2162 ἑταίροις
791 2073 898 2142 αὐτοῦ
933 2077 1008 2155 (τοῦ
1041 2078 1206 2160 Μεττίοο)
1234 2079 1290 2142 καὶ

57 2176 229 2245 συνειδόσι
251 2178 314 2264 τὴν
340 2180 527 2263 προδοσίαν
560 2175 667 2244 αὐτοῦ
699 2176 898 2264 δικαστήρια
916 2176 938 2246 ,ὁ
962 2178 1115 2258 βασιλεὺς
1135 2177 1295 2262 (Τύλλος)

56 2283 203 2356 καθίσας
224 2280 306 2356 τοὺς
328 2278 473 2356 ἁλόντας
504 2280 539 2360 ἐξ
562 2278 676 2346 αὐτῶν
700 2281 786 2346 κατὰ
810 2280 873 2347 τὸν
896 2285 967 2345 τῶν
991 2285 1231 2346 λειποτακτῶν
1254 2306 1291 2346 τε

58 2378 114 2448 καί
135 2383 322 2466 προδοτῶν
344 2380 453 2467 νόμον
476 2379 683 2449 ἀπέκτεινεν.

146 2485 176 2554 ί),
203 2486 277 2550 Tou
300 2491 386 2563 (una.
412 2490 515 2564 12,8).·
537 2486 673 2551 Addidit
697 2482 860 2566 Claudius
885 2505 978 2551 sacra
1003 2488 1185 2568 exlegibus
1206 2487 1293 2551 Tulli

58 2589 146 2670 regis
170 2589 365 2670 piaculaque
387 2588 529 2671 (propter
551 2591 705 2652 sororiano
728 2589 835 2652 Silani
857 2589 1020 2671 irroret-um)
1042 2625 1084 2635 -—
1103 2610 1162 2670 per
1184 2590 1292 2670 ponti·

58 2689 134 2755 fiees
158 2690 295 2754 (landa.⁵

438 2826 511 2890 llll.
557 2824 695 2890 Ancus
718 2827 918 2892 MARCIUS.

150 2961 178 3027 1.
202 2963 316 3027 Liuius
338 2961 452 3043 (1,32).·
474 2961 519 3027 Ut
537 2969 656 3042 tamen,
681 2963 831 3042 quoniam
849 2962 955 3027 Numa
973 2963 1006 3028 in
1025 2982 1103 3043 pace
1119 2963 1290 3052 religiones

61 3064 270 3143 instituisset,
295 3085 314 3128 a
337 3083 371 3129 se
390 3064 525 3129 bellicae
542 3065 755 3129 caerimoniae
773 3067 1002 3145 proderentur,
1021 3084 1080 3130 nee
1099 3070 1290 3142 gererentur

63 3167 166 3230 solum
192 3166 249 3229 sed
275 3167 374 3230 etiam
401 3167 619 3231 indicerentur
651 3166 735 3230 bella
763 3169 869 3247 aliquo
896 3171 976 3247 ritu,
1005 3169 1056 3231 ius
1083 3169 1122 3233 ab
1154 3167 1289 3248 antiqua

64 3274 161 3348 gente
185 3268 378 3362 Aequicolis,
398 3269 483 3349 quod
506 3287 591 3332 nunc
612 3267 740 3333 fetiales
765 3270 900 3348 habent,
934 3270 1118 3351 descripsit,
1147 3287 1209 3351 quo
1237 3288 1292 3333 res

61 3373 266 3451 repetuntur.
278 3371 290 3408 ⁶

355 3548 363 3585 5
400 3504 437 3570 V.
482 3505 744 3582 TARQUINIUS
770 3505 952 3571 PRISCUS.

150 3640 177 3703 1.
204 3641 310 3706 Cicero
333 3641 385 3724 (de
402 3663 467 3722 rep.
488 3641 600 3723 2,2ο).·
627 3635 830 3722 Tarquinius,
858 3679 900 3688 -
930 3649 966 3706 ut
998 3643 1037 3706 de
1065 3662 1122 3708 suo
1153 3645 1291 3724 imperio

63 3744 167 3826 legem
190 3743 276 3822 tulit,
300 3743 459 3823 principio
482 3743 870 3824 duplicauitspristinum
893 3749 1023 3824 patrum
1047 3764 1230 3826 numerum,
1256 3751 1289 3810 et

130 3912 156 3976 1)
177 3911 266 3964 Verba
289 3914 376 3978 ‘caput
395 3941 428 3949 -
446 3911 607 3978 suspendite*
627 3912 717 3965 Cicero
737 3913 775 3981 (p.
794 3913 863 3967 Καί).
882 3917 911 3975 4,
934 3915 977 3980 13)
996 3914 1050 3982 legi
1069 3914 1205 3981 Tarquinii
1224 3913 1288 3981 Sup.

63 3996 215 4051 adtribuere
226 3996 340 4050 videtur.
360 4025 391 4034 —
411 3997 486 4063 2)Cf.
498 3996 570 4050 Fest.
588 3998 728 4050 Sororium.
749 3999 803 4052 Cic.
822 4015 876 4066 rep.
896 4002 922 4063 2,
941 4003 982 4052 31.
1002 4029 1035 4035 —
1053 3999 1079 4063 3)
1089 3999 1151 4061 (Lex
1170 3999 1227 4052 lata
1247 4002 1289 4052 est

63 4083 169 4150 propter
191 4081 270 4134 illum
294 4097 396 4144 casum,
415 4082 517 4143 iubens,
536 4082 558 4134 si
577 4082 619 4135 cui
636 4083 773 4145 trigemini
792 4085 965 4136 nascerentur
982 4083 1046 4151 filii,
1065 4082 1096 4136 de
1115 4085 1222 4152 publico
1238 4086 1289 4139 ali·

64 4170 154 4220 menta
177 4166 212 4220 ad
235 4167 406 4235 pubertatem
429 4183 511 4236 usque
539 4168 720 4236 suppeditari.)
739 4199 772 4206 -
794 4171 821 4234 4)
840 4169 928 4230 (sociis
951 4171 978 4221 et
1001 4168 1156 4237 proditionis
1179 4170 1291 4222 consciis
1347 4210 1350 4212 -

65 4251 160 4305 iudicia
180 4268 225 4304 rex
243 4251 385 4305 coustituit
404 4256 432 4306 et
450 4253 583 4307 convictos
602 4271 632 4307 er
651 4254 711 4320 loge
730 4255 762 4306 de
781 4252 960 4307 desertoribus
979 4256 1006 4307 et
1016 4251 1194 4321 proditoribus
1204 4254 1288 4307 inter·

66 4335 136 4402 lecit)
155 4367 189 4375 -
206 4337 235 4404 5)
254 4335 293 4390 of.
309 4336 369 4389 Βία.
392 4342 420 4402 1,
443 4341 494 4391 26:
517 4339 704 4405 ‘piacularibus
728 4340 863 4392 sacrificiis
889 4339 981 4401 factis,
1004 4355 1070 4406 quae
1094 4337 1188 4390 deinde
1211 4339 1289 4406 genti

66 4419 191 4474 Horatiae
209 4421 313 4475 tradita
332 4423 411 4476 sunt'.
430 4454 464 4461 -
482 4424 510 4490 6)
531 4422 568 4477 Cf.
588 4425 635 4492 lep.
658 4424 726 4478 Tull.
746 4425 825 4478 Hoet.
844 4430 868 4479 1.
