2916 4860
562 373 646 441 Leges
664 371 716 424 XII
735 371 896 425 tabularum.
1303 371 1345 435 23

113 547 293 624 vindicare,
311 582 354 589 —
383 546 439 609 sed
463 545 495 608 in
523 562 605 621 eum,
629 546 684 624 qui
708 543 874 608 convictus
898 548 947 606 est
977 543 1132 620 inruisse,
1155 544 1187 606 in
1211 543 1345 623 duplum

114 649 174 712 dat
197 649 366 712 actionem.

204 747 233 813 9.
257 797 264 811 .
287 799 294 812 .
320 769 951 821 0011000011010011,001100011111011011
975 797 981 809 .
1007 796 1013 809 .
1042 749 1053 787 1

601 959 774 1024 TnBULn
797 958 869 1022 VII.

205 1096 232 1159 1.
263 1097 363 1161 Vurro
382 1096 430 1177 (cle
440 1097 459 1159 l.
469 1097 487 1160 l.
502 1099 530 1173 5,
545 1096 614 1176 221·
636 1093 697 1157 XII
714 1094 898 1158 tabularum
914 1095 1109 1174 interpretes
1125 1091 1243 1158 ‘ambi
1253 1089 1342 1159 tum’

114 1200 253 1279 parietis
269 1198 437 1262 circuitum
457 1216 527 1262 csse
544 1198 738 1261 describunt.
765 1232 805 1239 -
832 1195 960 1260 Festus:
991 1196 1168 1261 Ambitus
1189 1233 1205 1262 a
1225 1198 1345 1260 dicitur

115 1302 273 1364 circuitus
286 1297 512 1377 aedificiorum,
523 1306 638 1380 patens
649 1334 666 1364 a
677 1299 775 1378 pedes
787 1299 865 1362 duos
876 1304 908 1362 et
920 1298 1094 1362 semissem.
1109 1336 1140 1342 -
1155 1298 1346 1362 Maeciouus

114 1403 213 1482 (ussls
231 1403 320 1488 ullstu.
336 1402 407 1483 46):
429 1400 606 1466 Sestertius
630 1401 807 1464 duosasscs
826 1406 859 1463 et
879 1400 1041 1464 semissem
1060 1399 1179 1481 (valet),
1197 1401 1306 1464 —lex
1327 1437 1344 1466 a

114 1505 179 1568 XII
203 1503 268 1567 tab.
291 1509 479 1584 argumento
504 1509 562 1581 est,
587 1503 619 1566 in
643 1521 708 1583 qua
731 1503 794 1566 duo
817 1502 915 1582 pedes
940 1507 971 1566 01
1000 1502 1095 1566 semis
1110 1498 1343 1566 ‘sestertius

116 1600 200 1688 pes'
226 1611 370 1670 vocatur.

203 1704 231 1768 2.
255 1707 357 1771 Galus
380 1707 398 1771 l.
422 1706 478 1769 IV
496 1707 537 1769 ucl
560 1706 615 1787 lup.
635 1706 717 1769 XII
730 1707 789 1768 lob.
814 1706 869 1786 (D.
892 1711 940 1784 11),
962 1711 989 1784 1,
1012 1709 1073 1783 131·
1096 1705 1267 1770 Sciendum
1293 1711 1343 1768 est

114 1811 148 1873 in
172 1810 298 1873 actione
321 1807 372 1873 fin.
395 1810 530 1889 regund.
554 1808 634 1872 illud
657 1807 891 1872 observandum
910 1826 990 1887 esse,
1015 1808 1100 1889 quod
1119 1807 1163 1888 (in
1184 1807 1247 1870 XII
1262 1806 1346 1887 tab.)

115 1912 157 1976 ad
182 1911 364 1990 exemplum
384 1911 618 1990 quodammodo
642 1911 711 1973 cius
733 1911 815 1992 legis
838 1910 994 1991 scripturn
1014 1917 1071 1988 001,
1093 1928 1187 1991 quam
1207 1908 1345 1971 Athenis

116 2013 265 2078 Solonem
290 2010 409 2075 dicitur
432 2012 555 2076 tulisse.
601 2011 682 2075 Nam
707 2012 772 2076 illic
791 2013 837 2075 ita
856 2017 920 2076 cst:
941 2006 1027 2075 Ἐάν
1045 2036 1097 2086 τις
1115 2005 1272 2094 αἱμασιάν
1290 2016 1343 2074 etc.

203 2111 232 2176 3.
256 2133 283 2176 a.
310 2111 439 2177 Plinius
457 2111 499 2192 (u.
519 2113 547 2176 l.
568 2118 618 2191 19,
641 2118 671 2190 1,
691 2115 752 2192 5111·
773 2115 810 2177 In
834 2112 896 2176 XII
920 2114 985 2178 tab.
1000 2150 1042 2158 —
1060 2132 1219 2194 nusquam
1242 2114 1343 2176 nomi-

114 2222 216 2280 natur
237 2215 323 2294 villa,
354 2232 480 2295 sempor
507 2216 539 2279 in
569 2212 802 2296 significatione
822 2233 858 2278 ea
886 2210 1069 2293 ζ1101100),
1102 2216 1133 2278 in
1156 2214 1243 2278 horti
1266 2232 1343 2277 vero
1423 2239 1424 2244 ¹

110 2311 343 2381 ‘heredium'
367 2353 410 2360 -
432 2316 462 2380 b.
480 2317 609 2398 Festus:
628 2315 833 2399 [Tuqupia
853 2322 987 2397 010010,
1008 2318 1215 2398 appellantur
1231 2315 1346 2398 [olouu's-v

114 2421 190 2484 cillo
222 2419 418 2498 rusticorum]
442 2419 581 2482 sordida.
605 2470 611 2483 .
635 2468 641 2481 .
676 2437 738 2498 quo
769 2420 895 2482 nomine
920 2470 926 2483 .
951 2470 957 2484 .
981 2468 987 2481 .
1022 2418 1070 2502 [iu
1102 2418 1346 2500 caprlouultionc

113 2521 177 2586 XII
201 2521 249 2584 ait
272 2521 368 2582 etiam
392 2567 398 2580 .
422 2571 428 2583 .
454 2519 675 2602 {sipulfilcari

200 2620 230 2684 4.
257 2621 319 2685 Cle.
344 2620 393 2702 (clo
416 2622 472 2704 loq.
491 2627 518 2701 1,
537 2626 609 2703 21)·‘
625 2642 701 2687 risus
725 2624 890 2703 cepionem
909 2620 972 2687 XII
995 2623 1058 2688 tab.
1082 2624 1168 2687 intra
1191 2622 1342 2702 Vpeclos

115 2743 186 2788 esse
212 2724 393 2787 noluerunt.

200 2824 230 2888 5.
255 2824 286 2888 Si
307 2848 438 2889 runcum.
453 2877 479 2889 ..
506 2826 636 2906 0101110
659 2827 714 2908 lep.
738 2833 765 2904 1,
788 2829 861 2909 211
884 2829 1102 2891 controversia
1125 2832 1175 2891 001
1197 2832 1276 2890 nata
1300 2826 1339 2888 de

112 2926 242 3007 finibus,
262 2928 375 3008 inqua
397 2965 439 2973 —
462 2947 500 2992 cx
519 2928 569 2991 his
592 2928 667 3009 (XII
691 2930 769 3010 tab.)
792 2935 858 2993 tres
881 2930 997 2994 arbitri
1020 2927 1099 2992 fines
1122 2947 1281 3010 regemus.

201 3027 230 3091 6.
252 3029 358 3093 Galus
383 3030 426 3093 ucl
447 3031 492 3094 ccl.
510 3051 601 3111 prov.
626 3030 682 3111 (Il.
706 3037 736 3109 8,
760 3033 825 3112 381·
847 3032 928 3096 Viae
950 3032 1088 3095 1011111110
1117 3050 1156 3094 ex
1183 3029 1253 3111 lege
1276 3030 1347 3093 XII.

114 3131 181 3196 tab.
205 3132 238 3195 in
262 3137 445 3211 porrectum
469 3139 540 3198 octo
558 3133 656 3212 pedes
675 3133 787 3211 habet,
802 3135 834 3196 in
855 3132 1047 3208 anfractum,
1065 3133 1084 3196 i.
1104 3151 1129 3196 0.
1148 3132 1203 3196 ubi
1222 3130 1339 3195 flexum

114 3238 174 3312 001,
201 3234 349 3297 sedecim.

183 3455 207 3506 9.
244 3451 328 3507 Fut:
352 3453 559 3522 ‘Sarpiuntur
581 3461 682 3523 vincae,
705 3461 722 3509 i.
742 3477 762 3510 0.
781 3469 917 3524 putantur,
936 3472 964 3508 ut
982 3460 1011 3507 in
1028 3458 1094 3507 XII:
1120 3470 1287 3516 QUANDOQUE
1306 3485 1339 3492 -

113 3528 224 3582 anime!
245 3532 281 3582 CI.
305 3528 376 3580 Fest.
397 3536 495 3598 Saepta.
518 3530 622 3582 1011011.
642 3548 674 3583 uc
690 3532 759 3585 Mla.
779 3532 824 3593 ql).
843 3535 867 3599 6,
886 3535 983 3599 1,.091
1013 3533 1115 3584 ‘alienis
1133 3537 1262 3586 aedificiis
1282 3554 1339 3586 con-

113 3627 187 3673 nexa,
198 3636 231 3643 -
250 3611 327 3659 simul
345 3622 419 3674 atque
438 3611 497 3659 inde
516 3612 637 3675 dempta
655 3621 746 3675 essent,
765 3615 885 3662 continuo
899 3615 933 3662 in
950 3612 1090 3676 prIstinam
1108 3629 1210 3660 causamn
1228 3608 1339 3663 roverti.'

182 3688 241 3737 VII.
259 3685 283 3735 3.
303 3687 339 3737 Cf.
359 3682 430 3736 Fesl.
448 3689 554 3737 Hortus.
572 3689 721 3738 Heredium,
742 3685 777 3738 D.
796 3690 838 3753 50,
856 3690 898 3753 16,
916 3691 977 3740 180.

182 3762 207 3813 ἶ).
236 3758 290 3815 Cic.
309 3760 340 3812 cle
359 3777 414 3828 lep.
433 3763 466 3827 (4,
485 3763 503 3812 8
520 3778 564 3829 ap.
585 3761 656 3815 Non.
672 3763 819 3830 Jurqtmut:
839 3769 1151 3819 ‘Aclmiror-verbornm
1171 3770 1336 3834 elegantiam:

114 3853 138 3888 01
157 3853 284 3889 JURGANT
311 3843 408 3907 inquit,
441 3842 618 3890 benevolorum
638 3845 804 3907 concertatio,
833 3862 883 3893 non
901 3846 936 3893 Iis
955 3847 1134 3909 inimicorum,
1161 3847 1277 3910 iurgium
1300 3845 1338 3892 di-

114 3919 193 3978 citur3
213 3943 245 3950 —-
269 3919 372 3983 iurgare
390 3917 474 3981 igitur
492 3918 533 3968 len
551 3928 624 3982 putat
642 3920 710 3968 inter
729 3937 754 3969 se
772 3922 915 3984 vicinos,
934 3940 985 3971 non
1002 3918 1126 3987 litigare’

182 3991 206 4043 6.
227 3995 263 4044 ef.
289 3990 382 4045 Varro.
401 3991 433 4043 cle
451 3991 468 4044 l.
491 3992 508 4044 l.
526 3994 550 4056 7,
568 3996 616 4045 15:
651 3994 809 4048 ‘Anfractum
829 4008 865 4048 est
891 4000 991 4063 flexum,
1015 4002 1097 4050 -ab
1116 4001 1229 4064 seleges
1248 3999 1338 4047 iubent

113 4069 142 4117 in
169 4069 266 4119 directo
293 4071 384 4134 pedum
410 4071 476 4120 VIII
498 4088 558 4134 esse,
582 4072 609 4120 in
633 4073 745 4122 anfracto
772 4073 843 4136 XVI,
867 4076 885 4124 1.
905 4092 924 4124 0.
944 4077 972 4125 in
991 4074 1072 4127 flexu'.
1109 4073 1180 4125 Fest.
1209 4072 1281 4124 Viae.
1301 4070 1337 4128 1),

114 4146 140 4204 8,
158 4146 182 4205 3,
206 4147 249 4203 13,
272 4147 305 4208 2,·
322 4146 348 4208 8,
372 4146 396 4205 6,
420 4146 444 4207 6,
462 4144 518 4209 us.
587 4160 589 4163 ’

184 4349 208 4406 1)
227 4346 300 4398 Hu:
318 4347 413 4414 [oreque
435 4348 522 4415 cuuecl]
541 4348 694 4416 quandoque
715 4351 819 4416 sarpta,
839 4351 920 4406 donec
940 4353 1047 4420 dempta
1066 4358 1156 4416 erunt,
1177 4354 1338 4421 [1191100111-

116 4430 222 4498 110110];
247 4431 314 4499 qnod
334 4434 436 4486 refutat
455 4432 514 4487 Sela.
537 4437 645 4487 roo-o,
