2916 4860
173 331 235 395 142
658 327 773 393 Senatui
792 327 919 382 consulte.
941 327 943 330 ⁴

174 522 306 584 operum
337 503 435 566 etiam
470 488 671 581 privatorum
699 499 858 577 custodio,
892 495 896 581 l
925 498 1143 578 deberentque
1170 499 1337 578 apstinere
1363 519 1398 565 se

173 622 281 668 omnes
304 603 528 668 cruentissimo
552 620 669 683 genere
689 597 693 683 l
712 601 951 682 negotiationis,
967 618 1024 663 nec
1046 600 1301 664 inimicissimam
1317 621 1396 682 poce

122 703 287 777 infaciem
314 705 466 769 inducere
494 703 498 788 Ι
527 705 629 768 ruinis
662 704 791 768 domum
824 703 1052 784 villarumque,
1085 701 1231 782 placere:
1265 704 1292 767 si
1324 704 1394 784 quis

171 807 358 888 negotiandi
381 825 478 871 causa
498 802 654 889 l'emisset
676 806 761 886 quod
784 803 978 883 aedificium,
1001 809 1039 868 ut
1061 804 1218 869 diruendo
1243 806 1318 885 plus
1342 806 1394 870 ad·

171 911 314 990 quireret
325 926 422 989 quam
434 908 436 992 Ι
448 910 562 990 quanti
572 909 712 987 emisset,
732 914 800 972 tum
817 908 949 988 duplam
958 908 1137 988 pecuniam,
1149 925 1214 988 qua
1231 913 1392 973 mercatos

170 1029 239 1074 earn
262 1028 330 1074 rem
349 1007 354 1095 l
374 1016 468 1089 esset,
487 1011 521 1073 in
539 1011 726 1090 aeralrium)
751 1008 872 1090 inferri,
892 1010 1029 1090 utiqtue)
1053 1009 1093 1072 de
1112 1027 1148 1072 eo
1167 1008 1271 1073 nihilo
1289 1009 1390 1072 minus

171 1111 213 1175 ad
245 1116 393 1175 senatum
427 1109 430 1195 l
459 1110 644 1175 referretur.
697 1109 840 1192 Cumque
873 1130 976 1194 aeque
1016 1129 1080 1175 non
1112 1115 1278 1190 oporteret
1313 1112 1388 1175 malo

120 1232 159 1284 15.
171 1213 331 1293 exsemplo
350 1214 489 1277 vendere
508 1230 604 1295 quam
618 1212 621 1297 l
634 1231 744 1293 emere,
764 1218 802 1277 at
811 1213 995 1277 venditores
1015 1231 1142 1293 quoque
1161 1219 1387 1290 coercerentur,

168 1315 223 1395 qui
243 1316 380 1379 scientes
400 1315 471 1380 dolo
490 1315 574 1380 malo
587 1314 590 1400 l
602 1315 690 1380 intra
703 1316 787 1380 hanc
805 1320 937 1380 senatus
947 1315 1149 1379 voluntatem
1163 1314 1384 1392 vendidissent,

168 1417 310 1497 placere:
334 1416 418 1481 tales
437 1414 442 1502 l
462 1418 662 1482 venditiones
680 1418 792 1483 irritas
809 1416 888 1482 fieri.
919 1416 1071 1481 Ceterum
1094 1417 1209 1482 testari
1233 1420 1382 1492 senatum,

168 1514 319 1604 domini[s
340 1514 435 1605 nidd]
455 1516 460 1603 l
480 1520 647 1594 constitui,
677 1521 732 1600 qui
756 1539 863 1584 rerum
895 1538 1027 1584 suarum
1057 1537 1260 1600 possessores
1291 1516 1381 1582 futuri

167 1620 293 1701 aliquas
316 1615 447 1709 [parics]
468 1616 473 1704 Ι
492 1639 602 1685 earum
620 1623 828 1702 mutaverint,
853 1621 929 1685 dum
947 1639 1009 1685 non
1036 1621 1269 1703 negotiationis
1292 1637 1376 1684 causa

115 1740 156 1795 20.
166 1722 199 1786 id
221 1719 342 1786 factum
366 1718 443 1808 leit}
463 1719 467 1806 Ι
488 1721 658 1788 Ceusuere.
702 1723 740 1787 Iu
770 1731 886 1788 senatu
915 1722 1045 1789 fuerunt
1077 1717 1361 1804 cccuxxxffl.)

251 1823 291 1887 II.
316 1819 380 1910 [Q]
403 1824 548 1905 Volusio,
570 1825 605 1890 P.
631 1823 777 1890 Cornelio
797 1843 859 1890 cos.
882 1825 927 1889 Vl
949 1844 1022 1890 non.
1046 1825 1143 1889 Mart.
1168 1823 1226 1889 SC.
1249 1823 1253 1909 Ι

252 1925 345 2004 Quod
362 1925 399 2001 Q.
411 1925 573 2006 Volusius,
593 1927 626 1990 P.
644 1925 811 1992 Cornelius
827 1926 925 1992 verba
939 1915 1095 1991 'feceruut
1114 1927 1153 1990 de
1172 1925 1376 2007 postulatione

166 2025 445 2114 necessari[oram]
466 2027 470 2111 Ι
490 2029 681 2093 Alliatoriae
693 2027 849 2108 Celsillae,
861 2049 890 2110 q.
911 2029 941 2093 d.
960 2047 987 2094 e.
1004 2027 1059 2092 nl.
1079 2048 1121 2110 p,
1140 2030 1171 2094 d.
1188 2048 1216 2092 e.
1233 2049 1259 2093 r.
1277 2023 1362 2110 i.c.:l

253 2129 333 2193 Cum
356 2129 425 2209 SC,
450 2131 535 2211 quod
555 2129 676 2195 factum
700 2136 750 2194 est
771 2132 905 2195 Hosidio
926 2130 1010 2196 Geta
1033 2135 1066 2194 et
1088 2132 1123 2195 L.
1146 2130 1295 2212 Vagellio
1317 2147 1374 2204 cos,

116 2249 157 2301 95.
169 2231 355 2296 clarissimis
377 2233 470 2312 viris,
494 2236 570 2297 ante
593 2227 689 2316 d[iem
712 2232 754 2296 X.
777 2228 848 2318 ΕΗ
889 2231 959 2298 Oct.
988 2238 1118 2297 auctore
1147 2233 1221 2298 divo
1244 2232 1373 2301 Claudio,

167 2337 299 2397 cautum
321 2339 416 2413 esset,
439 2336 494 2397 ne¹
516 2335 588 2416 quis
607 2334 734 2399 domum
750 2335 899 2400 villamve
920 2335 1074 2415 dirueret,
1098 2333 1174 2417 qu[o
1193 2331 1282 2420 ptos]
1302 2333 1307 2418 l
1325 2331 1372 2398 sibi

166 2435 363 2516 adquireret,
372 2453 451 2499 neve
461 2436 533 2516 quis
542 2437 729 2517 negotiandi
737 2455 835 2501 causa
845 2455 955 2501 eorum
967 2438 1043 2519 quid
1054 2442 1174 2502 emeret
1184 2438 1371 2511 venderetve,

168 2534 374 2618 lpoenaqlue)
389 2539 421 2601 in
433 2543 619 2618 emptorem,
635 2538 689 2619 qui
701 2538 855 2603 adversus
864 2536 1106 2618 idVSClecisset,
1117 2540 1293 2604 constituta
1302 2539 1371 2604 esset

166 2632 262 2722 [lcoeq
273 2637 321 2721 ot]
333 2635 336 2722 l
348 2639 491 2720 quiquid
504 2640 635 2704 emisset
645 2640 777 2722 duplum
787 2641 977 2721 eiusqnanti
987 2643 1117 2706 emisset
1127 2642 1160 2705 in
1169 2641 1328 2707 aerarium
1336 2639 1371 2701 io·

166 2738 250 2804 ferre
260 2739 439 2823 cogerejtur
449 2747 482 2806 et
492 2742 561 2806 eius
574 2743 629 2824 qui
639 2743 838 2808 vendidisset
850 2743 950 2808 inrita
961 2741 1054 2807 fieret
1062 2743 1216 2824 venditio,
1233 2743 1272 2808 de
1282 2744 1370 2808 iisan·

115 2846 156 2901 30.
167 2846 242 2920 tem,
254 2843 310 2923 qui
323 2860 431 2907 rerum
444 2842 447 2927 l
459 2861 592 2908 suarum
604 2858 802 2925 possessores
815 2843 917 2910 futuri
931 2846 1057 2927 aliquas
1074 2850 1186 2926 partes
1199 2863 1309 2911 earum
1317 2859 1371 2908 mu·

166 2947 301 3024 tassent,
311 2945 565 3030 dummodolnon
575 2947 803 3029 negotiationis
812 2946 1191 3027 causamutassent,nihil
1202 2953 1370 3013 essetnovo·

165 3042 1369 3130 tum3etnecessarilAlliatoriaeCelsillae,uxorisAtiliiLuperciomatissiui

167 3147 235 3227 viri,
247 3145 563 3231 exposuislsenthuic
573 3150 686 3230 ordini,
695 3156 822 3232 patrem
832 3151 902 3215 eius
914 3150 1119 3216 Alliatorium
1133 3149 1263 3216 Celsum
1273 3150 1369 3216 emisse

167 3247 280 3314 fundos
304 3268 375 3314 curn
394 3248 536 3315 aedificis
554 3251 587 3314 in
607 3249 611 3333 l
632 3253 762 3334 regione
779 3252 972 3332 Muliniensi,
996 3254 1050 3336 qui
1069 3259 1265 3319 vocarentur
1282 3245 1368 3330 campi

115 3355 156 3408 35.
168 3349 275 3430 Matri,
287 3351 321 3415 iu
340 3352 456 3432 quibus
471 3353 549 3418 locis
563 3359 726 3419 mercatus
737 3355 789 3437 api
801 3354 1030 3437 supelrioribus
1039 3355 1150 3420 solitus
1166 3360 1368 3436 essettempo·

163 3452 262 3531 ribus,
276 3453 340 3517 iam
354 3468 413 3534 per
420 3455 550 3536 aliquod
565 3474 666 3520 annos
686 3456 822 3521 desisset
838 3456 961 3537 haberi,
978 3469 1080 3539 eaque
1099 3453 1104 3541 l
1124 3455 1274 3523 aedificia
1288 3457 1368 3535 longa

163 3558 328 3618 vetustate
347 3555 570 3621 dilaberentur
587 3555 720 3641 neq(ue)
743 3556 865 3623 refecta
882 3559 953 3623 usui
969 3565 1075 3625 essent
1096 3557 1219 3641 futura,
1240 3561 1313 3642 quia
1328 3573 1368 3622 ne·

164 3651 433 3740 q(ue)lhabitaret
442 3658 476 3722 in
487 3653 527 3723 iis
537 3659 706 3740 quisquam
716 3677 775 3724 nec
783 3660 1062 3727 velletindeserta
1071 3679 1108 3726 oc
1117 3664 1249 3728 ruentia
1258 3657 1368 3728 commi·

163 3773 273 3838 grare:
287 3775 326 3821 ne
346 3759 421 3839 quid
440 3758 445 3843 Ι
464 3759 569 3826 fraudi
587 3762 708 3827 multae
724 3762 936 3846 poenaeq(ue)
945 3769 1029 3829 esset
1040 3762 1200 3844 Celsillae,
1211 3765 1238 3830 si
1248 3783 1287 3830 ea
1297 3759 1367 3829 aedi·

165 3855 248 3938 ficia,
272 3858 312 3924 de
335 3859 452 3940 quibus
473 3863 507 3926 in
525 3863 587 3928 hoe
608 3864 719 3929 ordine
737 3869 844 3929 actum
864 3863 869 3949 Ι
889 3870 983 3946 esset,
1002 3871 1058 3930 aut
1068 3867 1223 3933 demolita
1235 3865 1366 3939 fuissent,

112 3965 154 4020 40.
165 3964 221 4024 aut
237 3978 276 4024 ea
290 3960 472 4026 condicione
481 3964 547 4028 sive
565 3982 623 4044 per
641 3984 675 4031 se
693 3966 759 4031 sive
777 3986 850 4031 cum
867 3969 954 4049 agris
965 3966 1180 4050 vendildisset,
1196 3974 1234 4034 ut
1247 3961 1367 4050 emptori

164 4060 233 4127 sine
247 4059 360 4127 fraude
379 4081 438 4128 sua
457 4082 494 4129 ea
509 4065 676 4132 destruere
695 4067 872 4151 tollereque
886 4069 1013 4148 liceret,
1034 4066 1040 4152 Ι
1059 4067 1255 4136 infuturum
1273 4075 1366 4136 auten

166 4163 384 4230 admonendos
400 4170 524 4232 ceteros
541 4186 621 4250 esse,
632 4174 670 4234 ut
681 4171 883 4251 apstinerent
902 4190 936 4237 se
948 4192 968 4237 a
978 4177 1044 4237 tam
1054 4170 1146 4237 foedo
1157 4191 1274 4255 genere
1283 4185 1365 4252 nego

165 4274 395 4366 *illisum
421 4299 501 4354 verbo
524 4317 605 4371 usque
632 4303 666 4357 ad
688 4319 778 4360 vocem
796 4306 929 4362 ‘venditio’
956 4312 989 4374 (v.
1007 4307 1051 4375 29)
1069 4307 1117 4362 SO.
1136 4307 1172 4361 ad
1198 4308 1305 4364 verbum
1320 4303 1364 4359 lero

163 4381 277 4436 rolatum
294 4386 337 4438 est
354 4400 370 4438 a
387 4384 471 4441 Paulo
488 4385 516 4438 in
533 4385 569 4440 D.
589 4391 632 4453 18,
649 4393 674 4456 1,
691 4393 736 4444 52.
