<?xml version="1.0" encoding="UTF-8"?>
<!DOCTYPE html PUBLIC "-//W3C//DTD XHTML 1.0 Transitional//EN"
    "http://www.w3.org/TR/xhtml1/DTD/xhtml1-transitional.dtd">
<html xmlns="http://www.w3.org/1999/xhtml" xml:lang="en" lang="en">
 <head>
  <title>
</title>
<meta http-equiv="Content-Type" content="text/html;charset=utf-8" />
  <meta name='ocr-system' content='tesseract 3.04.00' />
  <meta name='ocr-capabilities' content='ocr_page ocr_carea ocr_par ocr_line ocrx_word'/>
</head>
<body>
  <div class='ocr_page' id='page_1' title='image "./fontesiurisroma01brungoog_0326.png"; bbox 0 0 2916 4860; ppageno 0'>
   <div class='ocr_carea' id='block_1_1' title="bbox 610 352 1283 417">
    <p class='ocr_par' dir='ltr' id='par_1_1' title="bbox 610 352 1283 417">
     <span class='ocr_line' id='line_1_1' title="bbox 610 352 1283 417; baseline 0.009 -6"><span class='ocrx_word' id='word_1_1' title='bbox 610 357 733 413; x_wconf 82' lang='lat' dir='ltr'>Isidorus.</span> <span class='ocrx_word' id='word_1_2' title='bbox 1220 352 1283 417; x_wconf 83' lang='lat'>303</span> 
     </span>
    </p>
   </div>
   <div class='ocr_carea' id='block_1_2' title="bbox 58 526 1325 1330">
    <p class='ocr_par' dir='ltr' id='par_1_2' title="bbox 58 526 1325 1330">
     <span class='ocr_line' id='line_1_2' title="bbox 144 526 1285 613; baseline -0.006 -17"><span class='ocrx_word' id='word_1_3' title='bbox 144 533 196 613; x_wconf 74' lang='grc'>27,</span> <span class='ocrx_word' id='word_1_4' title='bbox 218 531 269 599; x_wconf 83' lang='grc'>23.</span> <span class='ocrx_word' id='word_1_5' title='bbox 313 532 373 598; x_wconf 84' lang='lat' dir='ltr'>Est</span> <span class='ocrx_word' id='word_1_6' title='bbox 396 538 429 596; x_wconf 89' lang='lat' dir='ltr'>et</span> <span class='ocrx_word' id='word_1_7' title='bbox 450 533 634 597; x_wconf 90' lang='lat' dir='ltr'>lautumna¹</span> <span class='ocrx_word' id='word_1_8' title='bbox 665 528 814 610; x_wconf 88' lang='lat' dir='ltr'>supplicii</span> <span class='ocrx_word' id='word_1_9' title='bbox 842 545 940 608; x_wconf 86' lang='lat' dir='ltr'>genus</span> <span class='ocrx_word' id='word_1_10' title='bbox 963 527 1006 591; x_wconf 92' lang='lat' dir='ltr'>ad</span> <span class='ocrx_word' id='word_1_11' title='bbox 1035 526 1285 590; x_wconf 75' lang='lat' dir='ltr'>verberandum2</span> 
     </span>
     <span class='ocr_line' id='line_1_3' title="bbox 58 627 1283 720; baseline -0.011 -17"><span class='ocrx_word' id='word_1_12' title='bbox 58 644 183 720; x_wconf 81' lang='lat' dir='ltr'>aptum,</span> <span class='ocrx_word' id='word_1_13' title='bbox 207 638 376 701; x_wconf 87' lang='lat' dir='ltr'>inventum</span> <span class='ocrx_word' id='word_1_14' title='bbox 398 655 417 699; x_wconf 91' lang='lat' dir='ltr'>a</span> <span class='ocrx_word' id='word_1_15' title='bbox 441 633 617 716; x_wconf 91' lang='lat' dir='ltr'>Tarquinio</span> <span class='ocrx_word' id='word_1_16' title='bbox 641 633 787 713; x_wconf 82' lang='lat' dir='ltr'>Superbo</span> <span class='ocrx_word' id='word_1_17' title='bbox 810 665 860 694; x_wconf 88' lang='grc'>-.</span> <span class='ocrx_word' id='word_1_18' title='bbox 905 631 971 694; x_wconf 90' lang='lat' dir='ltr'>Iste</span> <span class='ocrx_word' id='word_1_19' title='bbox 995 631 1080 695; x_wconf 92' lang='lat' dir='ltr'>enim</span> <span class='ocrx_word' id='word_1_20' title='bbox 1103 629 1190 709; x_wconf 90' lang='lat' dir='ltr'>prior</span> <span class='ocrx_word' id='word_1_21' title='bbox 1212 627 1283 692; x_wconf 89' lang='lat' dir='ltr'>lau·</span> 
     </span>
     <span class='ocr_line' id='line_1_4' title="bbox 58 724 1283 819; baseline -0.009 -15"><span class='ocrx_word' id='word_1_22' title='bbox 58 724 505 819; x_wconf 34' lang='lat' dir='ltr'>tumnasqtormenta,fustes,</span> <span class='ocrx_word' id='word_1_23' title='bbox 520 736 651 801; x_wconf 88' lang='lat' dir='ltr'>metalla</span> <span class='ocrx_word' id='word_1_24' title='bbox 670 740 769 816; x_wconf 89' lang='lat' dir='ltr'>atque</span> <span class='ocrx_word' id='word_1_25' title='bbox 789 733 883 798; x_wconf 85' lang='lat' dir='ltr'>exilia</span> <span class='ocrx_word' id='word_1_26' title='bbox 903 731 1076 797; x_wconf 84' lang='lat' dir='ltr'>adinvenit.</span> <span class='ocrx_word' id='word_1_27' title='bbox 1104 727 1154 793; x_wconf 88' lang='grc'>24.</span> <span class='ocrx_word' id='word_1_28' title='bbox 1174 729 1283 793; x_wconf 89' lang='lat' dir='ltr'>Talio</span> 
     </span>
     <span class='ocr_line' id='line_1_5' title="bbox 59 829 1283 917; baseline -0.012 -9"><span class='ocrx_word' id='word_1_29' title='bbox 59 847 109 908; x_wconf 87' lang='lat' dir='ltr'>est</span> <span class='ocrx_word' id='word_1_30' title='bbox 138 840 312 906; x_wconf 79' lang='lat' dir='ltr'>similitudo</span> <span class='ocrx_word' id='word_1_31' title='bbox 340 839 514 917; x_wconf 89' lang='lat' dir='ltr'>vindictae,</span> <span class='ocrx_word' id='word_1_32' title='bbox 543 844 580 902; x_wconf 92' lang='lat' dir='ltr'>ut</span> <span class='ocrx_word' id='word_1_33' title='bbox 602 837 715 903; x_wconf 87' lang='lat' dir='ltr'>taliter</span> <span class='ocrx_word' id='word_1_34' title='bbox 737 836 809 916; x_wconf 91' lang='lat' dir='ltr'>quis</span> <span class='ocrx_word' id='word_1_35' title='bbox 831 835 996 916; x_wconf 87' lang='lat' dir='ltr'>patiatur,</span> <span class='ocrx_word' id='word_1_36' title='bbox 1024 838 1062 896; x_wconf 87' lang='lat' dir='ltr'>ut</span> <span class='ocrx_word' id='word_1_37' title='bbox 1083 829 1169 897; x_wconf 88' lang='lat' dir='ltr'>fecit.</span> <span class='ocrx_word' id='word_1_38' title='bbox 1213 831 1283 894; x_wconf 85' lang='lat' dir='ltr'>Hoc</span> 
     </span>
     <span class='ocr_line' id='line_1_6' title="bbox 58 934 1325 1022; baseline -0.011 -13"><span class='ocrx_word' id='word_1_39' title='bbox 58 946 144 1009; x_wconf 89' lang='lat' dir='ltr'>enim</span> <span class='ocrx_word' id='word_1_40' title='bbox 173 950 206 1008; x_wconf 89' lang='lat' dir='ltr'>et</span> <span class='ocrx_word' id='word_1_41' title='bbox 233 947 351 1007; x_wconf 91' lang='lat' dir='ltr'>natura</span> <span class='ocrx_word' id='word_1_42' title='bbox 378 949 411 1006; x_wconf 91' lang='lat' dir='ltr'>et</span> <span class='ocrx_word' id='word_1_43' title='bbox 432 941 504 1022; x_wconf 88' lang='lat' dir='ltr'>lege</span> <span class='ocrx_word' id='word_1_44' title='bbox 527 942 712 1005; x_wconf 90' lang='lat' dir='ltr'>institutum</span> <span class='ocrx_word' id='word_1_45' title='bbox 734 942 793 1017; x_wconf 89' lang='lat' dir='ltr'>est,</span> <span class='ocrx_word' id='word_1_46' title='bbox 817 942 854 1001; x_wconf 90' lang='lat' dir='ltr'>ut</span> <span class='ocrx_word' id='word_1_47' title='bbox 876 937 1056 1008; x_wconf 87' lang='lat' dir='ltr'>laedentem</span> <span class='ocrx_word' id='word_1_48' title='bbox 1079 934 1192 1000; x_wconf 90' lang='lat' dir='ltr'>similis</span> <span class='ocrx_word' id='word_1_49' title='bbox 1215 934 1282 996; x_wconf 89' lang='lat' dir='ltr'>vin·</span> <span class='ocrx_word' id='word_1_50' title='bbox 1320 969 1325 979; x_wconf 91' lang='lat'><em>·</em></span> 
     </span>
     <span class='ocr_line' id='line_1_7' title="bbox 59 1036 1284 1126; baseline -0.011 -15"><span class='ocrx_word' id='word_1_51' title='bbox 59 1048 147 1111; x_wconf 83' lang='lat' dir='ltr'>diota</span> <span class='ocrx_word' id='word_1_52' title='bbox 175 1046 356 1126; x_wconf 76' lang='lat' dir='ltr'>sequatur³</span> <span class='ocrx_word' id='word_1_53' title='bbox 405 1041 457 1106; x_wconf 83' lang='lat'>28.</span> <span class='ocrx_word' id='word_1_54' title='bbox 480 1043 664 1115; x_wconf 83' lang='lat' dir='ltr'>Exilium</span> <span class='ocrx_word' id='word_1_55' title='bbox 690 1076 732 1087; x_wconf 92' lang='lat'>-</span> <span class='ocrx_word' id='word_1_56' title='bbox 758 1041 912 1107; x_wconf 90' lang='lat' dir='ltr'>dividitur</span> <span class='ocrx_word' id='word_1_57' title='bbox 938 1073 980 1084; x_wconf 95' lang='lat'><em>-</em></span> <span class='ocrx_word' id='word_1_58' title='bbox 1007 1038 1040 1101; x_wconf 92' lang='lat' dir='ltr'>in</span> <span class='ocrx_word' id='word_1_59' title='bbox 1069 1036 1223 1118; x_wconf 87' lang='lat' dir='ltr'>relegatis</span> <span class='ocrx_word' id='word_1_60' title='bbox 1250 1041 1284 1099; x_wconf 91' lang='lat' dir='ltr'>et</span> 
     </span>
     <span class='ocr_line' id='line_1_8' title="bbox 59 1136 1283 1230; baseline -0.011 -17"><span class='ocrx_word' id='word_1_61' title='bbox 59 1147 251 1230; x_wconf 87' lang='lat' dir='ltr'>deportatis.</span> <span class='ocrx_word' id='word_1_62' title='bbox 297 1144 347 1210; x_wconf 88' lang='grc'>29.</span> <span class='ocrx_word' id='word_1_63' title='bbox 371 1145 585 1227; x_wconf 87' lang='lat' dir='ltr'>Relegatus</span> <span class='ocrx_word' id='word_1_64' title='bbox 608 1150 672 1224; x_wconf 85' lang='lat' dir='ltr'>est,</span> <span class='ocrx_word' id='word_1_65' title='bbox 703 1161 798 1225; x_wconf 90' lang='lat' dir='ltr'>quem</span> <span class='ocrx_word' id='word_1_66' title='bbox 815 1141 899 1206; x_wconf 91' lang='lat' dir='ltr'>bona</span> <span class='ocrx_word' id='word_1_67' title='bbox 920 1158 980 1205; x_wconf 91' lang='lat' dir='ltr'>sua</span> <span class='ocrx_word' id='word_1_68' title='bbox 1003 1143 1195 1220; x_wconf 81' lang='lat' dir='ltr'>sequuntur3</span> <span class='ocrx_word' id='word_1_69' title='bbox 1220 1136 1283 1200; x_wconf 90' lang='lat' dir='ltr'>de-</span> 
     </span>
     <span class='ocr_line' id='line_1_9' title="bbox 59 1251 677 1330; baseline -0.011 -16"><span class='ocrx_word' id='word_1_70' title='bbox 59 1255 262 1330; x_wconf 77' lang='lat' dir='ltr'>portatus,</span> <span class='ocrx_word' id='word_1_71' title='bbox 286 1265 381 1329; x_wconf 91' lang='lat' dir='ltr'>quem</span> <span class='ocrx_word' id='word_1_72' title='bbox 403 1267 466 1313; x_wconf 91' lang='lat' dir='ltr'>non</span> <span class='ocrx_word' id='word_1_73' title='bbox 490 1251 677 1329; x_wconf 84' lang='lat' dir='ltr'>sequuntur.</span> 
     </span>
    </p>
   </div>
   <div class='ocr_carea' id='block_1_3' title="bbox 609 1467 735 1522">
    <p class='ocr_par' dir='ltr' id='par_1_3' title="bbox 609 1467 735 1522">
     <span class='ocr_line' id='line_1_10' title="bbox 609 1467 735 1522; baseline -0.008 -2"><span class='ocrx_word' id='word_1_74' title='bbox 609 1467 667 1522; x_wconf 86' lang='lat' dir='ltr'>Lib.</span> <span class='ocrx_word' id='word_1_75' title='bbox 686 1467 735 1521; x_wconf 88' lang='lat' dir='ltr'>IX.</span> 
     </span>
    </p>
   </div>
   <div class='ocr_carea' id='block_1_4' title="bbox 56 1580 1285 2683">
    <p class='ocr_par' dir='ltr' id='par_1_4' title="bbox 57 1580 1285 1871">
     <span class='ocr_line' id='line_1_11' title="bbox 147 1580 1285 1664; baseline -0.001 -20"><span class='ocrx_word' id='word_1_76' title='bbox 147 1580 176 1662; x_wconf 90' lang='grc'>2,</span> <span class='ocrx_word' id='word_1_77' title='bbox 202 1583 228 1646; x_wconf 89' lang='grc'>1.</span> <span class='ocrx_word' id='word_1_78' title='bbox 273 1581 374 1646; x_wconf 85' lang='lat' dir='ltr'>Gens</span> <span class='ocrx_word' id='word_1_79' title='bbox 394 1587 442 1646; x_wconf 88' lang='lat' dir='ltr'>est</span> <span class='ocrx_word' id='word_1_80' title='bbox 460 1581 634 1645; x_wconf 91' lang='lat' dir='ltr'>multitudo</span> <span class='ocrx_word' id='word_1_81' title='bbox 654 1581 695 1644; x_wconf 90' lang='lat' dir='ltr'>ab</span> <span class='ocrx_word' id='word_1_82' title='bbox 714 1598 778 1644; x_wconf 90' lang='lat' dir='ltr'>uno</span> <span class='ocrx_word' id='word_1_83' title='bbox 798 1581 955 1662; x_wconf 88' lang='lat' dir='ltr'>principio</span> <span class='ocrx_word' id='word_1_84' title='bbox 974 1588 1054 1662; x_wconf 86' lang='lat' dir='ltr'>orta,</span> <span class='ocrx_word' id='word_1_85' title='bbox 1066 1616 1107 1627; x_wconf 94' lang='lat'><em>-</em></span> <span class='ocrx_word' id='word_1_86' title='bbox 1122 1581 1285 1664; x_wconf 85' lang='lat' dir='ltr'>appellata</span> 
     </span>
     <span class='ocr_line' id='line_1_12' title="bbox 58 1681 1285 1766; baseline -0.003 -16"><span class='ocrx_word' id='word_1_87' title='bbox 58 1689 194 1766; x_wconf 90' lang='lat' dir='ltr'>propter</span> <span class='ocrx_word' id='word_1_88' title='bbox 222 1683 444 1765; x_wconf 80' lang='lat' dir='ltr'>generationes</span> <span class='ocrx_word' id='word_1_89' title='bbox 471 1681 681 1762; x_wconf 83' lang='lat' dir='ltr'>familiarum,</span> <span class='ocrx_word' id='word_1_90' title='bbox 709 1684 727 1745; x_wconf 87' lang='lat' dir='ltr'>i.</span> <span class='ocrx_word' id='word_1_91' title='bbox 752 1701 777 1747; x_wconf 88' lang='lat' dir='ltr'>e.</span> <span class='ocrx_word' id='word_1_92' title='bbox 801 1701 820 1746; x_wconf 91' lang='lat' dir='ltr'>a</span> <span class='ocrx_word' id='word_1_93' title='bbox 843 1682 1018 1764; x_wconf 78' lang='lat' dir='ltr'>gignendo,</span> <span class='ocrx_word' id='word_1_94' title='bbox 1048 1683 1128 1748; x_wconf 84' lang='lat' dir='ltr'>sicut</span> <span class='ocrx_word' id='word_1_95' title='bbox 1155 1684 1242 1747; x_wconf 89' lang='lat' dir='ltr'>natio</span> <span class='ocrx_word' id='word_1_96' title='bbox 1265 1702 1285 1747; x_wconf 92' lang='lat' dir='ltr'>a</span> 
     </span>
     <span class='ocr_line' id='line_1_13' title="bbox 57 1787 800 1871; baseline -0.003 -20"><span class='ocrx_word' id='word_1_97' title='bbox 57 1787 230 1852; x_wconf 86' lang='lat' dir='ltr'>nascendo.</span> <span class='ocrx_word' id='word_1_98' title='bbox 636 1866 638 1871; x_wconf 67' lang='lat'><em>,</em></span> <span class='ocrx_word' id='word_1_99' title='bbox 798 1804 800 1809; x_wconf 89' lang='lat'><em>·</em></span> 
     </span>
    </p>

    <p class='ocr_par' dir='ltr' id='par_1_5' title="bbox 56 1885 1285 2056">
     <span class='ocr_line' id='line_1_14' title="bbox 145 1885 1285 1968; baseline 0.001 -17"><span class='ocrx_word' id='word_1_100' title='bbox 145 1886 175 1967; x_wconf 80' lang='lat'>3,</span> <span class='ocrx_word' id='word_1_101' title='bbox 198 1886 249 1952; x_wconf 82' lang='grc'>29.</span> <span class='ocrx_word' id='word_1_102' title='bbox 294 1887 460 1952; x_wconf 85' lang='lat' dir='ltr'>Tribuni</span> <span class='ocrx_word' id='word_1_103' title='bbox 492 1887 614 1966; x_wconf 85' lang='lat' dir='ltr'>vocati,</span> <span class='ocrx_word' id='word_1_104' title='bbox 647 1887 731 1967; x_wconf 92' lang='lat' dir='ltr'>quod</span> <span class='ocrx_word' id='word_1_105' title='bbox 757 1885 914 1951; x_wconf 84' lang='lat' dir='ltr'>militibus</span> <span class='ocrx_word' id='word_1_106' title='bbox 941 1888 1007 1951; x_wconf 90' lang='lat' dir='ltr'>sive</span> <span class='ocrx_word' id='word_1_107' title='bbox 1036 1887 1285 1968; x_wconf 90' lang='lat' dir='ltr'>plebibus-iura</span> 
     </span>
     <span class='ocr_line' id='line_1_15' title="bbox 56 1982 289 2056; baseline -0.013 -1"><span class='ocrx_word' id='word_1_108' title='bbox 56 1992 217 2056; x_wconf 90' lang='lat' dir='ltr'>tribuant.</span> <span class='ocrx_word' id='word_1_109' title='bbox 287 1982 289 1986; x_wconf 68' lang='grc'><strong>’</strong></span> 
     </span>
    </p>

    <p class='ocr_par' dir='ltr' id='par_1_6' title="bbox 58 2088 1283 2683">
     <span class='ocr_line' id='line_1_16' title="bbox 145 2088 1283 2172; baseline 0.002 -20"><span class='ocrx_word' id='word_1_110' title='bbox 145 2091 175 2172; x_wconf 83' lang='grc'>4,</span> <span class='ocrx_word' id='word_1_111' title='bbox 201 2088 249 2156; x_wconf 87' lang='grc'>18.</span> <span class='ocrx_word' id='word_1_112' title='bbox 295 2091 458 2159; x_wconf 86' lang='lat' dir='ltr'>Tribuni</span> <span class='ocrx_word' id='word_1_113' title='bbox 474 2125 527 2169; x_wconf 89' lang='grc'>-,</span> <span class='ocrx_word' id='word_1_114' title='bbox 552 2089 638 2171; x_wconf 91' lang='lat' dir='ltr'>quod</span> <span class='ocrx_word' id='word_1_115' title='bbox 659 2088 746 2170; x_wconf 91' lang='lat' dir='ltr'>plebi</span> <span class='ocrx_word' id='word_1_116' title='bbox 770 2090 819 2153; x_wconf 92' lang='lat' dir='ltr'>vel</span> <span class='ocrx_word' id='word_1_117' title='bbox 841 2091 912 2154; x_wconf 92' lang='lat' dir='ltr'>iura</span> <span class='ocrx_word' id='word_1_118' title='bbox 936 2089 985 2154; x_wconf 89' lang='lat' dir='ltr'>vel</span> <span class='ocrx_word' id='word_1_119' title='bbox 1007 2108 1099 2171; x_wconf 92' lang='lat' dir='ltr'>opem</span> <span class='ocrx_word' id='word_1_120' title='bbox 1118 2091 1283 2168; x_wconf 81' lang='lat' dir='ltr'>tribuunt3</span> 
     </span>
     <span class='ocr_line' id='line_1_17' title="bbox 58 2192 1282 2273; baseline -0.002 -15"><span class='ocrx_word' id='word_1_121' title='bbox 58 2229 104 2240; x_wconf 85' lang='lat'>—</span> <span class='ocrx_word' id='word_1_122' title='bbox 126 2194 202 2258; x_wconf 89' lang='lat' dir='ltr'>dum</span> <span class='ocrx_word' id='word_1_123' title='bbox 225 2194 309 2258; x_wconf 89' lang='lat' dir='ltr'>enim</span> <span class='ocrx_word' id='word_1_124' title='bbox 332 2193 424 2273; x_wconf 89' lang='lat' dir='ltr'>plebs</span> <span class='ocrx_word' id='word_1_125' title='bbox 448 2212 466 2257; x_wconf 89' lang='lat' dir='ltr'>a</span> <span class='ocrx_word' id='word_1_126' title='bbox 490 2199 604 2257; x_wconf 88' lang='lat' dir='ltr'>senatu</span> <span class='ocrx_word' id='word_1_127' title='bbox 628 2196 662 2257; x_wconf 92' lang='lat' dir='ltr'>et</span> <span class='ocrx_word' id='word_1_128' title='bbox 684 2192 868 2257; x_wconf 88' lang='lat' dir='ltr'>consulibus</span> <span class='ocrx_word' id='word_1_129' title='bbox 891 2198 1102 2273; x_wconf 81' lang='lat' dir='ltr'>premeretur,</span> <span class='ocrx_word' id='word_1_130' title='bbox 1119 2199 1197 2258; x_wconf 91' lang='lat' dir='ltr'>tunc</span> <span class='ocrx_word' id='word_1_131' title='bbox 1212 2194 1282 2273; x_wconf 91' lang='lat' dir='ltr'>ipsa</span> 
     </span>
     <span class='ocr_line' id='line_1_18' title="bbox 59 2292 1283 2377; baseline -0.003 -15"><span class='ocrx_word' id='word_1_132' title='bbox 59 2297 123 2362; x_wconf 91' lang='lat' dir='ltr'>sibi</span> <span class='ocrx_word' id='word_1_133' title='bbox 142 2295 289 2360; x_wconf 90' lang='lat' dir='ltr'>tribunos</span> <span class='ocrx_word' id='word_1_134' title='bbox 306 2295 401 2377; x_wconf 86' lang='lat' dir='ltr'>quasi</span> <span class='ocrx_word' id='word_1_135' title='bbox 417 2295 563 2375; x_wconf 88' lang='lat' dir='ltr'>proprios</span> <span class='ocrx_word' id='word_1_136' title='bbox 576 2294 699 2359; x_wconf 89' lang='lat' dir='ltr'>iudices</span> <span class='ocrx_word' id='word_1_137' title='bbox 714 2299 748 2358; x_wconf 91' lang='lat' dir='ltr'>et</span> <span class='ocrx_word' id='word_1_138' title='bbox 762 2292 944 2359; x_wconf 89' lang='lat' dir='ltr'>defensores</span> <span class='ocrx_word' id='word_1_139' title='bbox 959 2296 1090 2360; x_wconf 87' lang='lat' dir='ltr'>creavit.</span> <span class='ocrx_word' id='word_1_140' title='bbox 1112 2293 1162 2358; x_wconf 82' lang='lat'>45.</span> <span class='ocrx_word' id='word_1_141' title='bbox 1179 2295 1283 2360; x_wconf 87' lang='lat' dir='ltr'>Man-</span> 
     </span>
     <span class='ocr_line' id='line_1_19' title="bbox 60 2397 1282 2479; baseline -0.002 -15"><span class='ocrx_word' id='word_1_142' title='bbox 60 2400 228 2479; x_wconf 80' lang='lat' dir='ltr'>cipium‚</span> <span class='ocrx_word' id='word_1_143' title='bbox 257 2398 407 2479; x_wconf 90' lang='lat' dir='ltr'>quicquid</span> <span class='ocrx_word' id='word_1_144' title='bbox 431 2416 529 2461; x_wconf 88' lang='lat' dir='ltr'>manu</span> <span class='ocrx_word' id='word_1_145' title='bbox 553 2397 626 2477; x_wconf 87' lang='lat' dir='ltr'>oapi</span> <span class='ocrx_word' id='word_1_146' title='bbox 649 2397 804 2478; x_wconf 87' lang='lat' dir='ltr'>subdique</span> <span class='ocrx_word' id='word_1_147' title='bbox 827 2402 949 2478; x_wconf 87' lang='lat' dir='ltr'>potest,</span> <span class='ocrx_word' id='word_1_148' title='bbox 977 2397 1142 2476; x_wconf 75' lang='lat' dir='ltr'>dihomo,</span> <span class='ocrx_word' id='word_1_149' title='bbox 1171 2414 1282 2479; x_wconf 85' lang='lat' dir='ltr'>equus,</span> 
     </span>
     <span class='ocr_line' id='line_1_20' title="bbox 59 2499 1283 2582; baseline -0.002 -16"><span class='ocrx_word' id='word_1_150' title='bbox 59 2502 138 2566; x_wconf 90' lang='lat' dir='ltr'>ovis.</span> <span class='ocrx_word' id='word_1_151' title='bbox 184 2501 271 2566; x_wconf 87' lang='lat' dir='ltr'>Haec</span> <span class='ocrx_word' id='word_1_152' title='bbox 298 2501 383 2565; x_wconf 87' lang='lat' dir='ltr'>enim</span> <span class='ocrx_word' id='word_1_153' title='bbox 410 2499 561 2564; x_wconf 89' lang='lat' dir='ltr'>animalia</span> <span class='ocrx_word' id='word_1_154' title='bbox 588 2500 699 2564; x_wconf 88' lang='lat' dir='ltr'>statim</span> <span class='ocrx_word' id='word_1_155' title='bbox 727 2507 763 2564; x_wconf 91' lang='lat' dir='ltr'>ut</span> <span class='ocrx_word' id='word_1_156' title='bbox 789 2506 867 2565; x_wconf 87' lang='lat' dir='ltr'>nata</span> <span class='ocrx_word' id='word_1_157' title='bbox 895 2505 972 2565; x_wconf 89' lang='lat' dir='ltr'>sunt</span> <span class='ocrx_word' id='word_1_158' title='bbox 993 2501 1190 2582; x_wconf 83' lang='lat' dir='ltr'>mancipium</span> <span class='ocrx_word' id='word_1_159' title='bbox 1213 2517 1283 2564; x_wconf 89' lang='lat' dir='ltr'>esse</span> 
     </span>
     <span class='ocr_line' id='line_1_21' title="bbox 60 2600 1282 2683; baseline -0.002 -16"><span class='ocrx_word' id='word_1_160' title='bbox 60 2608 228 2683; x_wconf 87' lang='lat' dir='ltr'>putantur.</span> <span class='ocrx_word' id='word_1_161' title='bbox 272 2600 355 2666; x_wconf 87' lang='lat' dir='ltr'>Nam</span> <span class='ocrx_word' id='word_1_162' title='bbox 378 2606 411 2665; x_wconf 95' lang='lat' dir='ltr'>et</span> <span class='ocrx_word' id='word_1_163' title='bbox 433 2621 481 2681; x_wconf 90' lang='lat' dir='ltr'>ea,</span> <span class='ocrx_word' id='word_1_164' title='bbox 510 2620 593 2682; x_wconf 89' lang='lat' dir='ltr'>quae</span> <span class='ocrx_word' id='word_1_165' title='bbox 616 2602 647 2665; x_wconf 92' lang='lat' dir='ltr'>in</span> <span class='ocrx_word' id='word_1_166' title='bbox 671 2602 848 2667; x_wconf 87' lang='lat' dir='ltr'>bestiarum</span> <span class='ocrx_word' id='word_1_167' title='bbox 870 2619 1002 2666; x_wconf 90' lang='lat' dir='ltr'>numero</span> <span class='ocrx_word' id='word_1_168' title='bbox 1026 2607 1114 2681; x_wconf 79' lang='lat' dir='ltr'>sunt,</span> <span class='ocrx_word' id='word_1_169' title='bbox 1138 2607 1215 2666; x_wconf 89' lang='lat' dir='ltr'>tunc</span> <span class='ocrx_word' id='word_1_170' title='bbox 1237 2602 1282 2664; x_wconf 91' lang='lat' dir='ltr'>vi-</span> 
     </span>
    </p>
   </div>
   <div class='ocr_carea' id='block_1_5' title="bbox 61 2701 1383 2784">
    <p class='ocr_par' dir='ltr' id='par_1_7' title="bbox 61 2701 1383 2784">
     <span class='ocr_line' id='line_1_22' title="bbox 61 2701 1383 2784; baseline -0.002 -16"><span class='ocrx_word' id='word_1_171' title='bbox 61 2705 178 2769; x_wconf 89' lang='lat' dir='ltr'>dentur</span> <span class='ocrx_word' id='word_1_172' title='bbox 192 2703 387 2784; x_wconf 83' lang='lat' dir='ltr'>mancipium</span> <span class='ocrx_word' id='word_1_173' title='bbox 407 2721 487 2782; x_wconf 83' lang='lat' dir='ltr'>esse,</span> <span class='ocrx_word' id='word_1_174' title='bbox 499 2703 628 2783; x_wconf 91' lang='lat' dir='ltr'>quando</span> <span class='ocrx_word' id='word_1_175' title='bbox 644 2703 717 2782; x_wconf 89' lang='lat' dir='ltr'>capi</span> <span class='ocrx_word' id='word_1_176' title='bbox 732 2704 798 2767; x_wconf 91' lang='lat' dir='ltr'>sive</span> <span class='ocrx_word' id='word_1_177' title='bbox 814 2704 936 2768; x_wconf 89' lang='lat' dir='ltr'>domari</span> <span class='ocrx_word' id='word_1_178' title='bbox 954 2710 1138 2784; x_wconf 88' lang='lat' dir='ltr'>coeperunt.</span> <span class='ocrx_word' id='word_1_179' title='bbox 1160 2701 1282 2766; x_wconf 82' lang='lat' dir='ltr'>4o.1n-</span> <span class='ocrx_word' id='word_1_180' title='bbox 1381 2776 1383 2781; x_wconf 37' lang='lat'>‚</span> 
     </span>
    </p>
   </div>
   <div class='ocr_carea' id='block_1_6' title="bbox 60 2802 1332 3703">
    <p class='ocr_par' dir='ltr' id='par_1_8' title="bbox 60 2802 1332 3703">
     <span class='ocr_line' id='line_1_23' title="bbox 61 2802 1284 2887; baseline 0 -19"><span class='ocrx_word' id='word_1_181' title='bbox 61 2806 180 2887; x_wconf 88' lang='lat' dir='ltr'>genui</span> <span class='ocrx_word' id='word_1_182' title='bbox 202 2805 290 2885; x_wconf 84' lang='lat' dir='ltr'>dicti,</span> <span class='ocrx_word' id='word_1_183' title='bbox 314 2805 369 2886; x_wconf 93' lang='lat' dir='ltr'>qui</span> <span class='ocrx_word' id='word_1_184' title='bbox 392 2805 425 2868; x_wconf 93' lang='lat' dir='ltr'>in</span> <span class='ocrx_word' id='word_1_185' title='bbox 449 2821 565 2885; x_wconf 79' lang='lat' dir='ltr'>genere</span> <span class='ocrx_word' id='word_1_186' title='bbox 588 2803 711 2868; x_wconf 89' lang='lat' dir='ltr'>babent</span> <span class='ocrx_word' id='word_1_187' title='bbox 731 2802 927 2884; x_wconf 88' lang='lat' dir='ltr'>libertatem,</span> <span class='ocrx_word' id='word_1_188' title='bbox 950 2823 1014 2870; x_wconf 90' lang='lat' dir='ltr'>non</span> <span class='ocrx_word' id='word_1_189' title='bbox 1032 2805 1065 2869; x_wconf 91' lang='lat' dir='ltr'>in</span> <span class='ocrx_word' id='word_1_190' title='bbox 1083 2804 1179 2884; x_wconf 85' lang='lat' dir='ltr'>iacto,</span> <span class='ocrx_word' id='word_1_191' title='bbox 1199 2805 1284 2870; x_wconf 88' lang='lat' dir='ltr'>sicut</span> 
     </span>
     <span class='ocr_line' id='line_1_24' title="bbox 60 2899 1283 2988; baseline -0.001 -16"><span class='ocrx_word' id='word_1_192' title='bbox 60 2907 185 2986; x_wconf 83' lang='lat' dir='ltr'>liberti3</span> <span class='ocrx_word' id='word_1_193' title='bbox 209 2908 294 2972; x_wconf 91' lang='lat' dir='ltr'>unde</span> <span class='ocrx_word' id='word_1_194' title='bbox 312 2912 345 2971; x_wconf 90' lang='lat' dir='ltr'>et</span> <span class='ocrx_word' id='word_1_195' title='bbox 361 2924 415 2971; x_wconf 90' lang='lat' dir='ltr'>eos</span> <span class='ocrx_word' id='word_1_196' title='bbox 427 2905 542 2970; x_wconf 86' lang='lat' dir='ltr'>Graeci</span> <span class='ocrx_word' id='word_1_197' title='bbox 561 2899 707 2988; x_wconf 80' lang='grc' dir='ltr'><em>εὐγενεῖς</em></span> <span class='ocrx_word' id='word_1_198' title='bbox 724 2911 849 2986; x_wconf 86' lang='lat' dir='ltr'>vocant,</span> <span class='ocrx_word' id='word_1_199' title='bbox 869 2908 953 2988; x_wconf 92' lang='lat' dir='ltr'>quod</span> <span class='ocrx_word' id='word_1_200' title='bbox 972 2907 1037 2972; x_wconf 92' lang='lat' dir='ltr'>sint</span> <span class='ocrx_word' id='word_1_201' title='bbox 1052 2907 1128 2971; x_wconf 92' lang='lat' dir='ltr'>boni</span> <span class='ocrx_word' id='word_1_202' title='bbox 1147 2906 1283 2988; x_wconf 89' lang='lat' dir='ltr'>generis.</span> 
     </span>
     <span class='ocr_line' id='line_1_25' title="bbox 60 3001 1283 3090; baseline 0.002 -20"><span class='ocrx_word' id='word_1_203' title='bbox 60 3008 111 3075; x_wconf 80' lang='grc'>47.</span> <span class='ocrx_word' id='word_1_204' title='bbox 134 3009 387 3074; x_wconf 87' lang='lat' dir='ltr'>Libertus-</span> <span class='ocrx_word' id='word_1_205' title='bbox 405 3008 496 3090; x_wconf 89' lang='lat' dir='ltr'>quasi</span> <span class='ocrx_word' id='word_1_206' title='bbox 512 3007 669 3073; x_wconf 91' lang='lat' dir='ltr'>liberatus</span> <span class='ocrx_word' id='word_1_207' title='bbox 686 3043 737 3072; x_wconf 46' lang='grc' dir='ltr'>ᾳ.</span> <span class='ocrx_word' id='word_1_208' title='bbox 774 3007 980 3074; x_wconf 86' lang='lat' dir='ltr'>Libertorum</span> <span class='ocrx_word' id='word_1_209' title='bbox 998 3001 1104 3074; x_wconf 86' lang='lat' dir='ltr'>autem</span> <span class='ocrx_word' id='word_1_210' title='bbox 1121 3006 1178 3072; x_wconf 88' lang='lat' dir='ltr'>fibi</span> <span class='ocrx_word' id='word_1_211' title='bbox 1195 3008 1283 3087; x_wconf 92' lang='lat' dir='ltr'>apud</span> 
     </span>
     <span class='ocr_line' id='line_1_26' title="bbox 62 3109 1284 3193; baseline -0.002 -17"><span class='ocrx_word' id='word_1_212' title='bbox 62 3112 215 3193; x_wconf 88' lang='lat' dir='ltr'>antiquos</span> <span class='ocrx_word' id='word_1_213' title='bbox 237 3111 382 3176; x_wconf 91' lang='lat' dir='ltr'>libertini</span> <span class='ocrx_word' id='word_1_214' title='bbox 406 3111 664 3192; x_wconf 84' lang='lat' dir='ltr'>appellabantur,</span> <span class='ocrx_word' id='word_1_215' title='bbox 689 3111 780 3192; x_wconf 89' lang='lat' dir='ltr'>quasi</span> <span class='ocrx_word' id='word_1_216' title='bbox 798 3110 838 3174; x_wconf 90' lang='lat' dir='ltr'>de</span> <span class='ocrx_word' id='word_1_217' title='bbox 855 3110 966 3175; x_wconf 90' lang='lat' dir='ltr'>liberis</span> <span class='ocrx_word' id='word_1_218' title='bbox 984 3111 1064 3175; x_wconf 86' lang='lat' dir='ltr'>nati.</span> <span class='ocrx_word' id='word_1_219' title='bbox 1098 3109 1190 3174; x_wconf 88' lang='lat' dir='ltr'>Nunc</span> <span class='ocrx_word' id='word_1_220' title='bbox 1208 3120 1284 3174; x_wconf 90' lang='lat' dir='ltr'>vero</span> 
     </span>
     <span class='ocr_line' id='line_1_27' title="bbox 60 3209 1285 3294; baseline -0.003 -16"><span class='ocrx_word' id='word_1_221' title='bbox 60 3213 233 3278; x_wconf 88' lang='lat' dir='ltr'>libertinus</span> <span class='ocrx_word' id='word_1_222' title='bbox 257 3220 315 3278; x_wconf 90' lang='lat' dir='ltr'>aut</span> <span class='ocrx_word' id='word_1_223' title='bbox 337 3234 357 3278; x_wconf 94' lang='lat' dir='ltr'>a</span> <span class='ocrx_word' id='word_1_224' title='bbox 378 3214 495 3279; x_wconf 91' lang='lat' dir='ltr'>liberto</span> <span class='ocrx_word' id='word_1_225' title='bbox 513 3211 622 3278; x_wconf 86' lang='lat' dir='ltr'>iactus</span> <span class='ocrx_word' id='word_1_226' title='bbox 638 3218 695 3278; x_wconf 90' lang='lat' dir='ltr'>aut</span> <span class='ocrx_word' id='word_1_227' title='bbox 718 3215 909 3294; x_wconf 79' lang='lat' dir='ltr'>possessus.⁴</span> <span class='ocrx_word' id='word_1_228' title='bbox 952 3209 1002 3273; x_wconf 88' lang='grc'>48.</span> <span class='ocrx_word' id='word_1_229' title='bbox 1026 3212 1285 3277; x_wconf 89' lang='lat' dir='ltr'>Manumissus</span> 
     </span>
     <span class='ocr_line' id='line_1_28' title="bbox 62 3315 1284 3396; baseline -0.004 -15"><span class='ocrx_word' id='word_1_230' title='bbox 62 3317 182 3381; x_wconf 86' lang='lat' dir='ltr'>dicitur</span> <span class='ocrx_word' id='word_1_231' title='bbox 206 3316 296 3396; x_wconf 88' lang='lat' dir='ltr'>quasi</span> <span class='ocrx_word' id='word_1_232' title='bbox 319 3335 416 3381; x_wconf 89' lang='lat' dir='ltr'>manu</span> <span class='ocrx_word' id='word_1_233' title='bbox 439 3317 582 3381; x_wconf 89' lang='lat' dir='ltr'>emissus.</span> <span class='ocrx_word' id='word_1_234' title='bbox 626 3316 723 3396; x_wconf 82' lang='lat' dir='ltr'>Apud</span> <span class='ocrx_word' id='word_1_235' title='bbox 746 3321 870 3379; x_wconf 83' lang='lat' dir='ltr'>veteres</span> <span class='ocrx_word' id='word_1_236' title='bbox 893 3315 987 3394; x_wconf 86' lang='lat' dir='ltr'>enim,</span> <span class='ocrx_word' id='word_1_237' title='bbox 1010 3315 1157 3395; x_wconf 91' lang='lat' dir='ltr'>quotiens</span> <span class='ocrx_word' id='word_1_238' title='bbox 1172 3332 1284 3377; x_wconf 90' lang='lat' dir='ltr'>manu·</span> 
     </span>
     <span class='ocr_line' id='line_1_29' title="bbox 61 3413 1285 3500; baseline -0.002 -19"><span class='ocrx_word' id='word_1_239' title='bbox 61 3418 248 3496; x_wconf 86' lang='lat' dir='ltr'>mittebant,</span> <span class='ocrx_word' id='word_1_240' title='bbox 268 3418 362 3497; x_wconf 90' lang='lat' dir='ltr'>alapa</span> <span class='ocrx_word' id='word_1_241' title='bbox 378 3435 547 3497; x_wconf 90' lang='lat' dir='ltr'>percussos</span> <span class='ocrx_word' id='word_1_242' title='bbox 566 3415 826 3500; x_wconf 81' lang='lat' dir='ltr'>circumagebant</span> <span class='ocrx_word' id='word_1_243' title='bbox 841 3422 874 3481; x_wconf 88' lang='lat' dir='ltr'>et</span> <span class='ocrx_word' id='word_1_244' title='bbox 888 3416 1007 3482; x_wconf 90' lang='lat' dir='ltr'>liberos</span> <span class='ocrx_word' id='word_1_245' title='bbox 1024 3413 1285 3481; x_wconf 80' lang='lat' dir='ltr'>confirmabant.⁵</span> 
     </span>
     <span class='ocr_line' id='line_1_30' title="bbox 62 3515 1284 3600; baseline 0.002 -20"><span class='ocrx_word' id='word_1_246' title='bbox 62 3517 113 3582; x_wconf 82' lang='lat'>49.</span> <span class='ocrx_word' id='word_1_247' title='bbox 136 3519 332 3584; x_wconf 88' lang='lat' dir='ltr'>Dediticii</span> <span class='ocrx_word' id='word_1_248' title='bbox 356 3519 494 3600; x_wconf 91' lang='lat' dir='ltr'>primum</span> <span class='ocrx_word' id='word_1_249' title='bbox 514 3539 533 3584; x_wconf 90' lang='lat' dir='ltr'>a</span> <span class='ocrx_word' id='word_1_250' title='bbox 556 3519 720 3584; x_wconf 87' lang='lat' dir='ltr'>deditione</span> <span class='ocrx_word' id='word_1_251' title='bbox 742 3524 818 3583; x_wconf 92' lang='lat' dir='ltr'>sunt</span> <span class='ocrx_word' id='word_1_252' title='bbox 841 3518 1018 3598; x_wconf 89' lang='lat' dir='ltr'>nuncupati</span> <span class='ocrx_word' id='word_1_253' title='bbox 1040 3519 1104 3578; x_wconf 75' lang='lat' dir='ltr'>ete6</span> <span class='ocrx_word' id='word_1_254' title='bbox 1139 3515 1188 3581; x_wconf 76' lang='lat'>51.</span> <span class='ocrx_word' id='word_1_255' title='bbox 1213 3518 1284 3582; x_wconf 93' lang='lat' dir='ltr'>La·</span> 
     </span>
     <span class='ocr_line' id='line_1_31' title="bbox 63 3618 1332 3703; baseline -0.002 -17"><span class='ocrx_word' id='word_1_256' title='bbox 63 3623 143 3687; x_wconf 89' lang='lat' dir='ltr'>tini</span> <span class='ocrx_word' id='word_1_257' title='bbox 166 3641 242 3686; x_wconf 89' lang='lat' dir='ltr'>vero</span> <span class='ocrx_word' id='word_1_258' title='bbox 266 3626 342 3686; x_wconf 89' lang='lat' dir='ltr'>ante</span> <span class='ocrx_word' id='word_1_259' title='bbox 365 3623 500 3687; x_wconf 88' lang='lat' dir='ltr'>Romam</span> <span class='ocrx_word' id='word_1_260' title='bbox 523 3621 685 3688; x_wconf 88' lang='lat' dir='ltr'>conditam</span> <span class='ocrx_word' id='word_1_261' title='bbox 709 3622 795 3702; x_wconf 90' lang='lat' dir='ltr'>apud</span> <span class='ocrx_word' id='word_1_262' title='bbox 818 3620 950 3685; x_wconf 90' lang='lat' dir='ltr'>Latinos</span> <span class='ocrx_word' id='word_1_263' title='bbox 972 3618 1103 3703; x_wconf 83' lang='lat' dir='ltr'>fiebant,</span> <span class='ocrx_word' id='word_1_264' title='bbox 1122 3639 1284 3702; x_wconf 90' lang='lat' dir='ltr'>nunquam</span> <span class='ocrx_word' id='word_1_265' title='bbox 1330 3651 1332 3655; x_wconf 87' lang='grc'><em>·</em></span> 
     </span>
    </p>
   </div>
   <div class='ocr_carea' id='block_1_7' title="bbox 64 3821 1288 4485">
    <p class='ocr_par' dir='ltr' id='par_1_9' title="bbox 64 3821 1288 4485">
     <span class='ocr_line' id='line_1_32' title="bbox 137 3821 1286 3891; baseline -0.002 -15"><span class='ocrx_word' id='word_1_266' title='bbox 137 3825 162 3889; x_wconf 92' lang='lat' dir='ltr'>l)</span> <span class='ocrx_word' id='word_1_267' title='bbox 181 3822 270 3876; x_wconf 78' lang='lat' dir='ltr'>Fest:</span> <span class='ocrx_word' id='word_1_268' title='bbox 287 3822 453 3876; x_wconf 84' lang='lat' dir='ltr'>‘Lautumias</span> <span class='ocrx_word' id='word_1_269' title='bbox 471 3839 538 3876; x_wconf 86' lang='lat' dir='ltr'>-a</span> <span class='ocrx_word' id='word_1_270' title='bbox 556 3822 736 3891; x_wconf 85' lang='lat' dir='ltr'>Syracusanis,</span> <span class='ocrx_word' id='word_1_271' title='bbox 754 3821 799 3891; x_wconf 88' lang='lat' dir='ltr'>qui</span> <span class='ocrx_word' id='word_1_272' title='bbox 818 3823 958 3890; x_wconf 71' lang='grc' dir='ltr'><strong><em>λατομίας</em></strong></span> <span class='ocrx_word' id='word_1_273' title='bbox 975 3849 1009 3859; x_wconf 94' lang='grc'>-</span> <span class='ocrx_word' id='word_1_274' title='bbox 1026 3821 1127 3876; x_wconf 83' lang='lat' dir='ltr'>habent</span> <span class='ocrx_word' id='word_1_275' title='bbox 1149 3821 1286 3876; x_wconf 88' lang='lat' dir='ltr'>adinstar</span> 
     </span>
     <span class='ocr_line' id='line_1_33' title="bbox 64 3904 1286 3974; baseline -0.002 -14"><span class='ocrx_word' id='word_1_276' title='bbox 64 3907 193 3961; x_wconf 86' lang='lat' dir='ltr'>carceris&#39;.</span> <span class='ocrx_word' id='word_1_277' title='bbox 202 3937 234 3946; x_wconf 97' lang='lat'><em>-</em></span> <span class='ocrx_word' id='word_1_278' title='bbox 244 3909 270 3973; x_wconf 94' lang='grc'>2)</span> <span class='ocrx_word' id='word_1_279' title='bbox 281 3906 514 3963; x_wconf 61' lang='lat' dir='ltr'>veremendum?</span> <span class='ocrx_word' id='word_1_280' title='bbox 523 3938 556 3946; x_wconf 96' lang='lat'><em>-</em></span> <span class='ocrx_word' id='word_1_281' title='bbox 566 3908 591 3974; x_wconf 91' lang='grc'>3)</span> <span class='ocrx_word' id='word_1_282' title='bbox 602 3907 674 3962; x_wconf 83' lang='lat' dir='ltr'>Fest.</span> <span class='ocrx_word' id='word_1_283' title='bbox 685 3907 772 3962; x_wconf 82' lang='lat' dir='ltr'>Talio.</span> <span class='ocrx_word' id='word_1_284' title='bbox 782 3936 815 3947; x_wconf 88' lang='lat'>-</span> <span class='ocrx_word' id='word_1_285' title='bbox 824 3907 851 3972; x_wconf 83' lang='lat'>4)</span> <span class='ocrx_word' id='word_1_286' title='bbox 861 3905 902 3960; x_wconf 85' lang='lat' dir='ltr'>Cf.</span> <span class='ocrx_word' id='word_1_287' title='bbox 913 3906 986 3961; x_wconf 77' lang='lat' dir='ltr'>Soet.</span> <span class='ocrx_word' id='word_1_288' title='bbox 999 3907 1097 3962; x_wconf 80' lang='lat' dir='ltr'>Claud.</span> <span class='ocrx_word' id='word_1_289' title='bbox 1107 3911 1161 3961; x_wconf 78' lang='lat'>24:</span> <span class='ocrx_word' id='word_1_290' title='bbox 1178 3904 1286 3959; x_wconf 83' lang='lat' dir='ltr'>‘Latum</span> 
     </span>
     <span class='ocr_line' id='line_1_34' title="bbox 64 3990 1286 4060; baseline 0.002 -16"><span class='ocrx_word' id='word_1_291' title='bbox 64 3993 172 4045; x_wconf 84' lang='lat' dir='ltr'>olavum</span> <span class='ocrx_word' id='word_1_292' title='bbox 190 4021 223 4031; x_wconf 86' lang='lat'><em>-</em></span> <span class='ocrx_word' id='word_1_293' title='bbox 242 3994 324 4046; x_wconf 89' lang='lat' dir='ltr'>etiam</span> <span class='ocrx_word' id='word_1_294' title='bbox 342 3992 462 4046; x_wconf 85' lang='lat' dir='ltr'>libertini</span> <span class='ocrx_word' id='word_1_295' title='bbox 479 3992 534 4045; x_wconf 88' lang='lat' dir='ltr'>filio</span> <span class='ocrx_word' id='word_1_296' title='bbox 551 3991 663 4058; x_wconf 87' lang='lat' dir='ltr'>tribuit;</span> <span class='ocrx_word' id='word_1_297' title='bbox 688 4023 720 4030; x_wconf 91' lang='lat'>—</span> <span class='ocrx_word' id='word_1_298' title='bbox 738 4009 768 4048; x_wconf 86' lang='lat' dir='ltr'>ac</span> <span class='ocrx_word' id='word_1_299' title='bbox 783 4023 792 4043; x_wconf 68' lang='grc' dir='ltr'>ι</span> <span class='ocrx_word' id='word_1_300' title='bbox 807 3992 1035 4060; x_wconf 87' lang='lat' dir='ltr'>reprehensionem</span> <span class='ocrx_word' id='word_1_301' title='bbox 1053 4008 1154 4058; x_wconf 86' lang='lat' dir='ltr'>verens,</span> <span class='ocrx_word' id='word_1_302' title='bbox 1173 3993 1201 4044; x_wconf 90' lang='lat' dir='ltr'>et</span> <span class='ocrx_word' id='word_1_303' title='bbox 1219 3990 1286 4059; x_wconf 85' lang='lat' dir='ltr'>App.</span> 
     </span>
     <span class='ocr_line' id='line_1_35' title="bbox 64 4075 1286 4145; baseline -0.002 -15"><span class='ocrx_word' id='word_1_304' title='bbox 64 4076 177 4131; x_wconf 85' lang='lat' dir='ltr'>Caecum</span> <span class='ocrx_word' id='word_1_305' title='bbox 197 4092 329 4130; x_wconf 89' lang='lat' dir='ltr'>censorem</span> <span class='ocrx_word' id='word_1_306' title='bbox 347 4107 379 4116; x_wconf 97' lang='lat'><em>-</em></span> <span class='ocrx_word' id='word_1_307' title='bbox 399 4077 584 4131; x_wconf 87' lang='lat' dir='ltr'>libertinorum</span> <span class='ocrx_word' id='word_1_308' title='bbox 608 4079 677 4131; x_wconf 91' lang='lat' dir='ltr'>filios</span> <span class='ocrx_word' id='word_1_309' title='bbox 698 4078 734 4131; x_wconf 86' lang='lat' dir='ltr'>in</span> <span class='ocrx_word' id='word_1_310' title='bbox 749 4081 870 4132; x_wconf 85' lang='lat' dir='ltr'>senatum</span> <span class='ocrx_word' id='word_1_311' title='bbox 891 4077 1024 4145; x_wconf 86' lang='lat' dir='ltr'>adlegisse</span> <span class='ocrx_word' id='word_1_312' title='bbox 1044 4076 1143 4142; x_wconf 85' lang='lat' dir='ltr'>docuit,</span> <span class='ocrx_word' id='word_1_313' title='bbox 1168 4075 1286 4144; x_wconf 85' lang='lat' dir='ltr'>ignarus,</span> 
     </span>
     <span class='ocr_line' id='line_1_36' title="bbox 65 4154 1287 4230; baseline -0.001 -16"><span class='ocrx_word' id='word_1_314' title='bbox 65 4160 232 4229; x_wconf 88' lang='lat' dir='ltr'>temporibus</span> <span class='ocrx_word' id='word_1_315' title='bbox 249 4163 329 4230; x_wconf 81' lang='lat' dir='ltr'>Appii</span> <span class='ocrx_word' id='word_1_316' title='bbox 348 4165 375 4216; x_wconf 86' lang='lat' dir='ltr'>et</span> <span class='ocrx_word' id='word_1_317' title='bbox 394 4161 516 4230; x_wconf 86' lang='lat' dir='ltr'>deinceps</span> <span class='ocrx_word' id='word_1_318' title='bbox 535 4162 700 4230; x_wconf 84' lang='lat' dir='ltr'>aliquamdiu</span> <span class='ocrx_word' id='word_1_319' title='bbox 717 4162 856 4216; x_wconf 88' lang='lat' dir='ltr'>libertinos</span> <span class='ocrx_word' id='word_1_320' title='bbox 875 4162 959 4216; x_wconf 83' lang='lat' dir='ltr'>dictos</span> <span class='ocrx_word' id='word_1_321' title='bbox 977 4178 1029 4216; x_wconf 90' lang='lat' dir='ltr'>non</span> <span class='ocrx_word' id='word_1_322' title='bbox 1047 4162 1124 4229; x_wconf 90' lang='lat' dir='ltr'>ipsos,</span> <span class='ocrx_word' id='word_1_323' title='bbox 1143 4162 1188 4229; x_wconf 88' lang='lat' dir='ltr'>qui</span> <span class='ocrx_word' id='word_1_324' title='bbox 1206 4154 1287 4213; x_wconf 83' lang='lat' dir='ltr'>manu</span> 
     </span>
     <span class='ocr_line' id='line_1_37' title="bbox 65 4244 1286 4315; baseline -0.001 -17"><span class='ocrx_word' id='word_1_325' title='bbox 65 4246 266 4310; x_wconf 86' lang='lat' dir='ltr'>emitterentur,</span> <span class='ocrx_word' id='word_1_326' title='bbox 289 4246 335 4299; x_wconf 90' lang='lat' dir='ltr'>sed</span> <span class='ocrx_word' id='word_1_327' title='bbox 353 4246 481 4315; x_wconf 87' lang='lat' dir='ltr'>ingenuos</span> <span class='ocrx_word' id='word_1_328' title='bbox 504 4263 534 4300; x_wconf 85' lang='lat' dir='ltr'>ex</span> <span class='ocrx_word' id='word_1_329' title='bbox 552 4247 595 4300; x_wconf 91' lang='lat' dir='ltr'>his</span> <span class='ocrx_word' id='word_1_330' title='bbox 612 4249 780 4315; x_wconf 85' lang='lat' dir='ltr'>procreatos&#39;.</span> <span class='ocrx_word' id='word_1_331' title='bbox 799 4277 833 4287; x_wconf 90' lang='lat'>—-</span> <span class='ocrx_word' id='word_1_332' title='bbox 850 4249 875 4314; x_wconf 81' lang='grc'>5)</span> <span class='ocrx_word' id='word_1_333' title='bbox 894 4248 916 4301; x_wconf 83' lang='grc' dir='ltr'><strong>Ε</strong></span> <span class='ocrx_word' id='word_1_334' title='bbox 935 4246 1049 4301; x_wconf 75' lang='lat' dir='ltr'>Cornuti</span> <span class='ocrx_word' id='word_1_335' title='bbox 1065 4246 1145 4301; x_wconf 78' lang='lat' dir='ltr'>schol.</span> <span class='ocrx_word' id='word_1_336' title='bbox 1163 4246 1193 4298; x_wconf 82' lang='lat' dir='ltr'>in</span> <span class='ocrx_word' id='word_1_337' title='bbox 1210 4244 1286 4298; x_wconf 80' lang='lat' dir='ltr'>Pera.</span> 
     </span>
     <span class='ocr_line' id='line_1_38' title="bbox 66 4329 1288 4399; baseline 0.001 -16"><span class='ocrx_word' id='word_1_338' title='bbox 66 4334 91 4393; x_wconf 78' lang='lat'>5,</span> <span class='ocrx_word' id='word_1_339' title='bbox 110 4333 151 4384; x_wconf 84' lang='lat'>75.</span> <span class='ocrx_word' id='word_1_340' title='bbox 170 4330 202 4384; x_wconf 80' lang='lat' dir='ltr'>ci.</span> <span class='ocrx_word' id='word_1_341' title='bbox 214 4329 243 4387; x_wconf 81' lang='lat'>0.</span> <span class='ocrx_word' id='word_1_342' title='bbox 263 4335 289 4398; x_wconf 83' lang='grc'>8,</span> <span class='ocrx_word' id='word_1_343' title='bbox 304 4334 346 4397; x_wconf 79' lang='lat'>49,</span> <span class='ocrx_word' id='word_1_344' title='bbox 357 4335 388 4384; x_wconf 88' lang='lat'>6:</span> <span class='ocrx_word' id='word_1_345' title='bbox 406 4331 642 4387; x_wconf 84' lang='lat' dir='ltr'>circumductiones</span> <span class='ocrx_word' id='word_1_346' title='bbox 660 4332 856 4386; x_wconf 81' lang='lat' dir='ltr'>inextricabiles</span> <span class='ocrx_word' id='word_1_347' title='bbox 874 4333 902 4385; x_wconf 85' lang='lat' dir='ltr'>et</span> <span class='ocrx_word' id='word_1_348' title='bbox 919 4331 1045 4384; x_wconf 83' lang='lat' dir='ltr'>iniuriosa</span> <span class='ocrx_word' id='word_1_349' title='bbox 1062 4330 1288 4399; x_wconf 84' lang='lat' dir='ltr'>rbapismata’.-</span> 
     </span>
     <span class='ocr_line' id='line_1_39' title="bbox 66 4413 533 4485; baseline 0 -15"><span class='ocrx_word' id='word_1_350' title='bbox 66 4417 91 4479; x_wconf 87' lang='grc'>6)</span> <span class='ocrx_word' id='word_1_351' title='bbox 110 4413 239 4477; x_wconf 80' lang='lat' dir='ltr'>Coninse3</span> <span class='ocrx_word' id='word_1_352' title='bbox 258 4432 281 4469; x_wconf 85' lang='lat' dir='ltr'>v.</span> <span class='ocrx_word' id='word_1_353' title='bbox 301 4416 362 4470; x_wconf 82' lang='lat' dir='ltr'>Gai.</span> <span class='ocrx_word' id='word_1_354' title='bbox 381 4422 407 4485; x_wconf 90' lang='lat'>1,</span> <span class='ocrx_word' id='word_1_355' title='bbox 425 4421 533 4471; x_wconf 85' lang='lat'><strong><em>13-15.</em></strong></span> 
     </span>
    </p>
   </div>
   <div class='ocr_carea' id='block_1_8' title="bbox 0 0 1474 4860">
    <p class='ocr_par' dir='ltr' id='par_1_10' title="bbox 0 0 1474 4860">
     <span class='ocr_line' id='line_1_40' title="bbox 0 0 1474 4860; baseline 0 0"><span class='ocrx_word' id='word_1_356' title='bbox 0 0 1474 4860; x_wconf 95' lang='lat' dir='ltr'> </span> 
     </span>
    </p>
   </div>
  </div>
 </body>
</html>
