2916 4860
546 381 659 437 Senatus
677 385 804 438 consulta.
1220 381 1284 446 143

95 554 307 632 ttiontislhoc
317 553 490 634 praecipue
499 554 637 633 saeculo,
648 574 710 638 quo
721 556 854 620 excitari
865 574 947 621 nova
959 554 1281 638 {etornariuniversa

95 657 176 722 ihus
191 653 331 734 felicitas
347 657 434 722 orbis
451 656 622 740 terraJrum
641 657 834 739 splenderet,
854 659 959 740 magis
973 658 1164 736 conveniret,
1185 675 1281 738 quam

95 758 160 823 inis
179 754 396 823 aedificiorum
406 759 505 847 ullam
520 764 645 838 partem
656 758 829 824 deformem
840 754 955 845 [reddi]
976 760 980 842 Ι
1000 759 1115 823 ltaliae
1130 763 1163 823 et
1176 759 1282 824 adhuc

95 861 199 924 tinere
223 860 366 940 priorum
390 866 595 939 temporum.
616 911 622 924 .
640 908 645 920 .
666 859 670 944 l
690 861 738 925 ita
753 866 790 932 ut
810 862 971 926 diceretur
989 865 1155 926 senectute
1172 866 1281 925 actum

115 1011 122 1026 .
149 1012 156 1026 .
179 959 184 1046 Ι
206 959 375 1026 Censuere.
421 961 459 1024 In
482 967 598 1026 senatu
621 959 778 1046 [fueram]
801 1013 808 1028 .
832 1013 839 1027 .
864 1014 870 1026 .
896 1013 903 1026 .
1291 976 1336 1030 45.

363 1095 391 1158 4.
415 1096 476 1161 SO.
505 1097 824 1180 Trebellianum,
853 1119 880 1164 a.
910 1097 977 1162 bl.¹

142 1217 234 1298 (Ulp.
251 1214 271 1280 l.
292 1217 359 1281 ΙΙΙ
377 1217 494 1299 fidele:
512 1215 660 1282 ‘Factum
680 1223 729 1282 est
745 1217 802 1282 SC.
823 1218 1022 1299 temporibus
1037 1216 1174 1283 Neronis
1194 1217 1284 1282 Vlll.

96 1321 116 1384 l.
141 1317 241 1400 Sept,
264 1319 398 1384 Annaeo
421 1318 542 1384 Seneca
565 1325 598 1384 et
621 1318 780 1385 Trebellio
803 1321 943 1385 Maximo
967 1338 1043 1398 cos,
1072 1320 1163 1384 cuius
1185 1321 1287 1384 verba

98 1440 136 1487 ec
160 1415 272 1499 sunt'1)

141 1523 222 1588 Cum
254 1529 339 1589 esset
361 1524 608 1606 aequissimum,
631 1526 663 1588 in
697 1525 845 1589 omnibus
866 1521 1169 1589 fideicommissariis
1192 1524 1286 1588 here·

95 1627 226 1707 tatibus
246 1627 352 1707 siqua
371 1627 410 1692 de
428 1627 479 1691 his
497 1627 589 1692 bonis
608 1627 727 1691 iudicia
745 1627 932 1708 penderent,
950 1645 989 1690 ex
1007 1625 1073 1691 his²
1091 1645 1145 1691 eos
1161 1626 1284 1702 subire,

95 1747 180 1811 quos
196 1730 247 1793 ius
258 1726 442 1818 fructusque
453 1728 683 1794 transferretur
702 1729 936 1809 ,potiusquam
948 1728 1062 1809 cuique
1073 1726 1288 1808 periculosam

95 1850 126 1896 se
142 1829 239 1896 fidem
258 1850 362 1896 suam:
382 1831 496 1912 placet,
510 1836 547 1896 ut
563 1832 716 1910 actiones,
735 1849 817 1912 qnae
834 1830 867 1894 in
881 1830 1033 1894 heredem
1046 1829 1288 1911 heredibusque

95 1932 128 1997 ,ri
152 1933 267 2012 solent,
292 1951 348 1997 cas
369 1951 474 2014 neque
496 1933 529 1997 in
552 1952 606 1997 eos
628 1951 731 2015 neque
754 1931 803 1996 his
826 1932 906 2011 dari,
930 1933 985 2013 qui
1012 1928 1087 1996 fidei
1106 1949 1185 1996 suae
1201 1950 1285 1996 com-

95 2038 193 2099 issum
227 2035 286 2113 sic,
317 2035 366 2099 uti
388 2034 494 2116 rogati
517 2039 637 2110 essent,
669 2034 904 2113 restituissent,
937 2034 992 2098 sed
1015 2034 1065 2098 his
1099 2038 1133 2098 et
1165 2034 1288 2113 ineos,

95 2136 177 2201 ribus
196 2154 234 2200 ex
244 2140 439 2201 testamento
456 2134 735 2202 fideicommissum
751 2136 939 2200 restitutum
958 2133 1084 2200 fuisset:
1102 2155 1164 2217 quo
1182 2137 1289 2217 magis

116 2238 279 2321 reliquum
304 2236 533 2303 confirmentur
555 2257 725 2319 supremae
750 2236 972 2302 defunctorum
996 2237 1190 2303 voluntates.

307 2375 336 2442 5.
380 2375 442 2441 SC.
471 2375 806 2455 Macedonianum,
834 2394 863 2438 a.
887 2371 1040 2438 69--79,8

142 2494 238 2578 (Uip.
261 2495 281 2560 l.
304 2495 434 2559 XXIX
449 2498 492 2558 ud
510 2490 704 2560 edt‘Verlra
728 2493 805 2558 scri
819 2492 1047 2558 Macedoniani
1067 2493 1148 2559 haec
1171 2489 1288 2575 sunt':)

143 2597 225 2663 Cum
248 2599 334 2662 inter
356 2603 480 2661 ceteras
503 2596 632 2661 sceleris
655 2613 771 2661 causas
793 2596 944 2674 Macedo,
977 2614 1057 2676 quas
1086 2596 1133 2660 illi
1164 2601 1289 2662 natura

95 2699 318 2779 ministrabat,
342 2699 441 2765 etiam
464 2717 520 2764 aes
542 2699 681 2763 alienum
706 2697 908 2763 adhibuisset
937 2701 970 2761 et
997 2697 1092 2779 saepe
1111 2700 1281 2790 materiam

95 2802 214 2869 secandi
232 2803 327 2867 malis
344 2803 486 2865 moribus
504 2805 695 2882 praestaret,
715 2801 770 2881 qui
788 2799 959 2880 pecuniam
975 2797 1030 2882 (ne
1048 2801 1126 2881 quid
1143 2799 1286 2883 amplius

95 2905 233 2981 teretur)
257 2904 389 2969 incertis
410 2903 593 2968 nominibus
615 2903 774 2967 crederet:
804 2901 948 2982 placere,
977 2901 1105 2981 necui,
1137 2904 1191 2984 qui
1214 2901 1282 2967 filio

95 3005 199 3073 milies
220 3010 367 3071 mutuam
390 3004 559 3085 pecuniam
583 3005 733 3083 dedisset,
748 3004 853 3067 'etiam
877 3007 950 3084 post
976 3008 1110 3067 mortem
1134 3005 1281 3084 parentis

95 3128 140 3189 us,
159 3108 295 3173 cuiusin
314 3112 478 3188 potestate
493 3105 619 3188 fuisset,
639 3107 723 3171 actio
742 3106 923 3186 petitioque
939 3106 1084 3170 daretur:
1103 3110 1140 3170 ut
1156 3107 1276 3170 scirent

95 3212 112 3276 ri
127 3211 269 3294 pessimo
286 3210 430 3290 exemplo
446 3207 661 3289 foenerarent,
680 3208 801 3272 nullius
818 3226 912 3288 posse
930 3205 986 3270 filii
1005 3205 1144 3271 familias
1163 3207 1288 3271 bonum

95 3332 188 3394 rmen,
212 3316 401 3394 exspectata
424 3312 528 3392 patris
549 3316 663 3391 morte,
691 3307 769 3375 fieri.

385 3445 414 3512 6.
461 3446 523 3511 SC.
547 3448 814 3523 Rubrianum,
844 3466 872 3510 a.
898 3444 968 3512 103.

146 3567 239 3652 (Uip.
256 3567 276 3632 l.
305 3567 337 3631 V
344 3563 1001 3649 fideicourm.:⁴‘Subventumlibertatihus
1024 3562 1178 3645 estSCto,
1201 3565 1292 3647 quod

96 3675 184 3737 ctum
204 3674 254 3734 est
272 3671 472 3750 temporibus
492 3670 522 3732 d.
542 3668 673 3732 Traiani
688 3668 809 3733 Rubrio
829 3666 921 3732 Gallo
944 3671 978 3730 et
996 3665 1105 3732 Caelio
1124 3665 1289 3749 Hispone⁵

95 3792 123 3839 s
145 3773 181 3837 in
203 3771 285 3837 haec
311 3765 446 3845 rerba'a
513 3808 516 3830 .

95 3894 269 3902 ——-—-—-—-

108 3924 111 3929 ’
130 3943 156 4006 1)
174 3940 212 3994 D.
227 3943 338 4007 36,1,1,
356 3945 380 3993 1.
389 3942 416 3994 2.
436 3938 527 3992 Annus
545 3952 595 3990 non
615 3939 727 4002 constat,
746 3953 804 3990 cum
822 3935 941 3988 consules
955 3935 1084 3991 nominati
1101 3937 1205 3990 suffecti
1224 3938 1282 3991 sint

113 4026 139 4092 2)
162 4025 219 4079 Μο.
247 4025 314 4079 coni.
342 4028 397 4078 ‘eas
415 4024 495 4077 lites'.
517 4052 550 4060 -
576 4023 602 4086 3)
619 4022 654 4074 D.
678 4026 720 4087 14,
744 4025 768 4086 6,
791 4027 815 4075 1.
851 4020 895 4075 De
917 4022 1006 4075 aetate
1025 4021 1091 4076 SOti
1112 4022 1161 4076 hoc
1178 4022 1235 4076 loco
1251 4023 1280 4076 ni

95 4114 166 4166 otum
181 4113 237 4173 est;
257 4109 328 4179 apud
346 4108 420 4164 Soet.
444 4109 519 4178 Vesp.
536 4112 569 4161 11
587 4108 702 4161 relatum
720 4123 781 4160 vero
799 4110 852 4160 est:
870 4106 982 4161 ‘Auctor
1005 4107 1110 4162 senatui
1127 4106 1276 4176 fuitffesp.

95 4195 230 4263 *cernendi
246 4225 281 4234 —
298 4211 331 4249 ne
348 4195 462 4248 filiorum
480 4194 641 4248 familiarum
658 4191 849 4246 feneratoribus
867 4191 989 4260 exigendi
1007 4191 1101 4246 crediti
1113 4192 1154 4244 ius
1164 4156 1291 4260 unquam)

95 4281 154 4346 reth
173 4297 239 4350 qnae
258 4279 388 4334 verbodo
406 4279 455 4333 hoc
474 4278 524 4332 SC.
542 4275 724 4346 intellegenda
742 4275 873 4331 videntur.
892 4306 925 4315 -
942 4277 969 4342 l)
987 4276 1024 4329 D.
1043 4280 1086 4343 40,
1104 4278 1129 4339 5,
1147 4278 1192 4342 26,
1209 4278 1235 4333 7.
1253 4307 1288 4316 -

107 4365 185 4420 Pon.
209 4381 258 4436 ep·
275 4369 301 4434 4,
323 4369 356 4419 9:
379 4365 487 4434 ‘Caepio
507 4363 609 4431 Hispo'.
647 4362 693 4418 Or,
711 4365 796 4417 3670.-
818 4362 953 4433 ‘anpioni
970 4360 1083 4429 Hisponi
1105 4361 1295 4416 008301.Μο-

95 4450 182 4506 broch
200 4455 225 4515 1,
242 4454 284 4504 51.
