2916 4860
615 342 725 397 Nonius.
1227 346 1288 410 287

59 545 103 554 —
127 516 288 575 matrem
317 510 485 576 familias
508 513 591 594 (esse
615 516 861 597 nuncupatam),
895 533 975 596 quae
999 517 1031 580 in
1054 515 1176 580 familia
1198 536 1288 583 inan-

58 613 210 693 eipioque
234 614 276 677 sit
299 616 417 693 patria,
442 615 503 678 etsi
526 617 559 679 in
581 617 692 680 mariti
714 618 920 683 matrimonio
943 623 1037 682 esset.
1080 622 1157 683 299.

58 715 235 779 Mutuum
260 715 328 779 sine
351 717 467 795 usuris,
491 715 606 782 fenus
630 736 701 782 curn
726 720 833 783 usuris
856 720 1005 783 sumitur.
1050 723 1126 783 298.

57 816 88 880 Ν
98 818 269 882 ubentes
299 818 401 881 veteri
431 817 502 898 lege
531 819 677 883 Romana
701 839 788 884 asses
811 821 859 884 ΙΙΙ
884 822 924 885 ad
948 822 1099 885 maritum
1122 824 1288 888 venientes

57 920 163 983 solere
186 919 373 1010 pervehere,
396 925 494 1000 atque
516 939 625 998 riniani,
650 939 744 1002 quem
767 923 799 985 in
822 927 1098 1002 manutenerent,
1121 929 1286 1004 tamquam

58 1020 187 1084 emendi
210 1037 308 1084 causa
330 1022 449 1089 marito
469 1023 560 1100 dare;
586 1022 695 1103 alium,
715 1024 808 1104 quem
828 1024 861 1087 in
879 1025 962 1105 pede
978 1025 1147 1106 haberent,
1167 1026 1199 1088 in
1217 1023 1287 1090 foco

57 1121 181 1186 Larum
208 1112 416 1187 familiarium
440 1142 574 1202 ponere3
598 1126 740 1203 tertium,
764 1144 858 1206 quem
881 1127 914 1190 in
937 1127 1155 1206 saeciperione
1179 1127 1286 1192 condi-

58 1225 195 1303 dissent,
220 1223 348 1304 conpita
370 1225 501 1289 vicinali
520 1226 622 1291 solere
641 1245 792 1292 resonare
811 1227 1034 1310 (reservoref),
1050 1265 1093 1274 -
1109 1246 1189 1308 quos
1204 1228 1287 1292 ritus

58 1325 241 1391 Varroude
264 1327 332 1390 vita
355 1346 383 1407 p.
408 1328 692 1408 R.*percueur1·it.
737 1331 811 1392 363.

59 1427 161 1492 Oves
184 1429 311 1508 generis
333 1426 486 1508 feminini,
506 1434 543 1493 ut
561 1429 767 1511 plerumque3
790 1430 959 1496 masculini
979 1432 1084 1496 Varro
1102 1452 1163 1497 rer.
1183 1433 1286 1496 hum.¹

58 1551 116 1592 -:
148 1528 322 1608 ‘Terentia
356 1532 484 1612 quando
507 1532 629 1596 citatus
652 1551 756 1613 neque
779 1535 944 1614 respondit
972 1553 1078 1616 neque
1110 1535 1286 1599 excitatus²

59 1637 118 1711 est,
143 1629 233 1695 eum³
254 1650 313 1713 ego
336 1651 434 1697 unum
457 1652 548 1697 ovem
571 1634 707 1698 multam
731 1633 819 1698 dieo'.
864 1640 933 1700 147.

57 1734 311 1813 Plebitatem,
335 1735 582 1815 ignobilitatem.
638 1733 720 1800 Cato
748 1754 805 1816 pro
834 1737 984 1801 Veturio:
1017 1740 1160 1817 ‘propter
1183 1738 1287 1802 tenui-

56 1842 161 1900 tatem
185 1840 219 1900 et
241 1835 451 1918 plebitatem'.
496 1837 689 1929 Herninain
713 1838 898 1903 annalibus:
921 1837 1131 1919 ‘Quicumque
1154 1843 1287 1918 propter

55 1939 249 2020 plebitatem
271 1956 349 2019 agro
373 1939 500 2018 publico
524 1940 618 2004 eiecti
643 1938 753 2004 sunt'.4
798 1938 867 2002 101.

59 2039 283 2105 Proletarii
306 2041 384 2105 dicti
408 2046 483 2105 sunt
502 2043 617 2123 plebei,
638 2043 694 2124 qui
712 2042 792 2106 nihil
811 2043 1006 2122 reipublicae
1026 2041 1210 2121 exhibeant,
1229 2042 1285 2106 sed

56 2148 189 2207 tantum
220 2142 285 2223 (od)
317 2143 440 2224 prolem
477 2141 646 2208 sufficiant.
679 2180 722 2190 —
753 2145 857 2209 Varro
888 2145 928 2208 de
960 2145 1027 2208 vita
1054 2164 1084 2225 p.
1114 2143 1148 2206 R.
1174 2142 1228 2208 lib.
1255 2143 1285 2206 I:

58 2244 191 2325 ‘quibus
213 2249 308 2308 erant
331 2247 489 2324 pecuniae
511 2248 600 2324 satio,
623 2247 802 2327 locupletis,
825 2247 988 2326 assidu0s3
1013 2246 1190 2311 contrarios
1213 2263 1286 2325 pro-

56 2346 202 2411 letarios.
235 2346 373 2411 Assiduo
394 2348 553 2412 neminern
571 2348 730 2412 vindicem
750 2348 922 2413 voluerunt
937 2348 1091 2428 locupleti
1108 2347 1188 2425 (abab
1205 2346 1286 2409 boco-

54 2447 230 2530 pbetem?)'.
267 2452 318 2511 48.
341 2449 512 2513 Proletarii
536 2450 620 2514 cives
644 2450 912 2531 dicebantur,qui
930 2450 963 2513 in
982 2449 1077 2530 plebe
1095 2448 1285 2512 tenuissima

58 2558 155 2614 erant
178 2553 212 2614 et
234 2568 297 2615 non
320 2550 459 2630 amplius
482 2570 577 2632 quarn
600 2551 663 2616 MD
689 2553 773 2616 aeris
795 2553 828 2616 in
845 2570 975 2616 censum
992 2549 1190 2615 deferebant.
1213 2553 1284 2612 106.

56 2653 331 2732 Recepticium
356 2671 514 2718 servum
536 2656 669 2735 quidam
688 2691 728 2700 -
748 2656 871 2720 dictum
889 2656 1011 2733 volunt,
1030 2689 1073 2699 -
1090 2653 1146 2733 qui
1165 2670 1286 2716 venun-

57 2755 158 2819 datus
182 2754 222 2818 ob
245 2755 375 2836 aliquod
397 2792 440 2800 —
461 2755 666 2821 malefactum
690 2775 709 2820 a
732 2758 925 2821 distractore
947 2792 990 2800 --·
1013 2755 1205 2834 recipiatur,
1229 2753 1286 2817 sed

57 2874 138 2920 vera
161 2855 242 2922 haee
265 2863 316 2921 est
335 2857 408 2932 ,eius
432 2859 569 2923 nominis
592 2858 829 2940 interpretatio,
854 2876 949 2940 quem
972 2858 1005 2920 in
1029 2857 1106 2920 data
1129 2855 1204 2919 dote
1227 2859 1286 2918 aut

57 2959 235 3025 donatione
262 2961 335 3040 quis
362 2962 543 3040 exceperit,
567 2963 652 3042 quod
681 2967 730 3026 est
756 2961 885 3042 proprie
914 2956 1101 3040 receperit.
1124 2991 1168 3000 -
1189 2953 1285 3019 Cato:

60 3061 201 3125 ‘mulier
215 3066 249 3125 et
275 3079 424 3144 magnam
448 3062 555 3126 dotem
580 3063 637 3127 dat
657 3067 690 3127 et
704 3081 855 3144 magnam
873 3061 1043 3143 pecuniam
1063 3054 1222 3130 retinet;’⁵
1243 3092 1287 3101 -

58 3162 229 3242 pecuniam
252 3163 321 3227 viro
344 3168 490 3227 mutuam
515 3165 588 3243 dat;
616 3183 687 3229 eam
710 3201 754 3210 -
779 3168 927 3245 repetere
961 3161 1119 3238 instituit3
1151 3159 1286 3238 adponit

60 3266 91 3329 ei
115 3262 333 3346 flagitatorem
357 3265 601 3346 recepticium,
624 3266 684 3331 hoc
712 3271 762 3331 est
785 3267 963 3347 proprium,
991 3282 1097 3342 sumn,
1125 3278 1220 3344 quem
1243 3295 1286 3305 —

63 3371 234 3448 receperat
255 3384 314 3432 nec
336 3368 471 3433 dederat
494 3368 562 3433 doti
585 3369 641 3432 sed
664 3373 844 3449 exceperat.
888 3358 944 3432 38.Ι
1240 3426 1242 3429 ,

60 3470 271 3549 Ricina'um,
303 3469 388 3550 qnod
418 3488 502 3534 nunc
528 3468 714 3534 mafurtium
747 3471 880 3545 dieitur,
912 3468 1086 3563 palleolum
1114 3464 1285 3529 femineum

60 3572 169 3636 breve.
198 3571 303 3635 Varro
322 3606 364 3616 -
382 3572 422 3636 de
437 3572 506 3636 vita
521 3591 551 3652 p.
563 3572 665 3636 R.—:
685 3571 738 3636 ‘Et
755 3571 841 3654 (aab)
860 3588 924 3652 quo
942 3568 1092 3634 mulieres
1108 3568 1142 3630 in
1159 3603 1203 3612 —
1218 3567 1285 3630 luc-

61 3673 159 3751 tibun,
183 3687 254 3736 curn
272 3691 397 3737 onmem
413 3674 568 3738 vestitum
584 3673 804 3738 delicatiorem
822 3692 859 3738 ac
876 3673 1076 3736 luxuriosum
1094 3705 1136 3715 -
1152 3673 1284 3749 ponunt,

42 3769 178 3838 'ricinia
202 3772 353 3839 sumunt'.
397 3779 468 3839 371.

131 3979 158 4042 1)
177 3965 244 4031 Gall.
266 3981 305 4042 11,
323 3981 348 4040 1,
366 3981 398 4030 4.-
419 3977 538 4043 ‘Quando
556 4006 590 4018 ·-
607 3994 624 4030 a
641 3977 846 4045 magistratibus
865 4006 896 4014 -
915 3976 1002 4029 multa
1024 3974 1131 4035 dicitur,
1148 4003 1182 4010 —-
1200 3971 1286 4024 obser·

60 4063 118 4115 vari
140 4063 223 4124 solet,
245 4065 277 4116 nt
296 4063 374 4116 ‘oven'
391 4078 489 4129 genere
512 4062 585 4115 virili
608 4062 788 4130 appellentur;
810 4064 891 4130 atque
909 4061 949 4114 ita
967 4059 1003 4115 M.
1023 4061 1106 4113 Varro
1124 4056 1204 4111 verba
1221 4054 1286 4109 haec

59 4147 195 4216 legit-ima,
212 4145 309 4216 quibua
327 4147 438 4200 minima
455 4147 542 4201 multa
559 4146 699 4214 diceretur,
717 4146 852 4214 concepit:
870 4145 907 4198 M.
922 4145 1046 4199 Terentio
1063 4150 1119 4205 ete..
1138 4159 1168 4196 ac
1185 4142 1238 4194 nisi
1255 4156 1286 4193 eo

49 4248 158 4299 xgenere
177 4231 318 4296 diceretur,
336 4235 503 4300 negauerunt
521 4233 619 4286 iustam
638 4231 721 4285 videri
739 4231 869 4305 multamf.
888 4260 922 4269 -
939 4231 966 4297 2)
977 4229 1061 4284 Gett:
1077 4229 1286 4283 ‘excusatus'.-

60 4320 87 4387 3)
106 4318 195 4373 dett.-
219 4317 269 4372 ‘ei'.
293 4347 328 4358 -·
344 4318 370 4382 4)
389 4317 447 4372 Sol.
466 4319 526 4374 bret.
544 4322 638 4383 1,11:
656 4316 765 4369 ‘exactis
782 4315 891 4382 regibus
909 4345 942 4356 -
960 4314 1051 4368 servili
1069 4313 1178 4382 imperio
1196 4315 1285 4380 patres

59 4404 168 4471 plebem
187 4416 355 4468 exercere—
376 4405 448 4473 agris
466 4403 580 4472 pellere'.
598 4433 632 4442 —
650 4403 676 4468 5)
695 4401 762 4456 Geli.
780 4405 823 4466 17,
840 4403 865 4464 6,
883 4405 916 4454 8.·
943 4400 1059 4469 recipit,
1084 4398 1110 4452 h.
1129 4415 1151 4452 e.
1169 4396 1286 4452 retinet'.
