2916 4860
115 338 179 403 304
645 338 799 409 Scriptores.

117 529 175 592 per
198 513 427 574 testamentum
458 510 515 574 sed
542 528 599 591 per
626 512 796 592 epistolam
826 511 1012 577 libertatem
1042 520 1218 579 sumentes.
1263 515 1334 581 lnde

117 613 194 693 quia
223 630 284 676 non
315 631 373 694 per
402 616 631 678 testamentum
661 612 794 694 fiebant,
827 632 886 678 nec
918 632 956 677 ex
988 619 1188 680 testamento
1220 616 1334 700 aliquid

118 732 243 793 capere,
260 732 317 777 nec
340 731 414 779 suos
437 713 571 779 heredes
589 713 694 780 lacere
714 720 876 796 poterant,
895 722 1008 797 postea
1029 717 1116 782 cives
1127 718 1267 784 Romani
1281 721 1334 785 sub

117 815 301 881 consulibus
324 833 382 896 per
404 821 600 882 testamenta
622 817 655 881 in
677 817 756 881 urbe
779 817 924 882 Romana
948 816 1052 882 effecti
1072 822 1159 884 sunt.
1191 817 1241 882 52.
1256 821 1336 886 Dicti

72 967 75 974 .
119 924 227 982 autern
251 917 356 982 cives
379 918 552 998 Romani,
576 920 653 1001 quia
672 924 868 983 testamento
884 918 979 983 liberi
998 917 1103 984 effecti
1123 921 1157 984 in
1176 940 1336 987 numerum

118 1019 334 1083 Romanorum
357 1019 473 1083 civium
496 1020 702 1102 rediguntun
743 1020 802 1085 llis
825 1021 964 1101 primum
988 1021 1097 1086 aditus
1121 1023 1244 1088 eratin
1264 1025 1337 1089 urbe

119 1120 221 1184 Roma
245 1123 445 1202 commorari,
469 1123 602 1186 ceteris¹
626 1127 734 1187 autern
757 1121 883 1186 libertis
906 1121 1150 1203 prohibebatur,
1175 1143 1217 1189 ne
1239 1126 1290 1189 vel
1308 1127 1337 1189 in

119 1222 199 1286 urbe
221 1223 324 1287 Roma
346 1223 397 1287 rel
420 1224 506 1288 intra
530 1224 719 1304 septimum¹
742 1227 783 1290 ab
807 1225 887 1289 urbe
910 1224 1072 1288 miliarum
1095 1234 1336 1292 commanerent.

678 1442 736 1496 Lib.
748 1443 780 1495 X.

207 1548 234 1628 1,
257 1547 328 1614 258.
354 1547 774 1629 stipular-repromittere
798 1551 848 1611 est
871 1566 909 1612 ex
931 1548 1037 1612 verbis
1056 1549 1135 1612 iuris
1154 1551 1336 1628 peritorum.

83 1676 85 1681 ·
122 1648 192 1712 260.
216 1650 428 1734 Sequester
459 1651 593 1728 dicitur,
621 1649 676 1730 qui
707 1647 906 1713 certantibus
928 1649 1053 1713 medius
1076 1650 1266 1730 intervenit,
1289 1653 1336 1732 qui

123 1754 210 1834 apud
233 1752 375 1818 Graecos
398 1742 417 1817 ὃ
440 1753 538 1836 μέσος
561 1751 688 1832 dicitur⁷
712 1753 799 1832 apud
822 1771 913 1832 quern
937 1753 1073 1834 pignora
1092 1752 1212 1832 deponi
1229 1754 1337 1831 solent3

121 1855 207 1935 quod
230 1854 421 1920 vocabulum
446 1874 465 1919 a
488 1853 648 1935 sequendo
676 1851 796 1917 lactum
824 1860 881 1932 est,
905 1854 991 1934 quod
1018 1855 1106 1933 eiua,
1139 1855 1196 1936 qui
1225 1855 1337 1920 electus

125 1957 177 2034 sit,
199 1963 340 2038 utraque
362 1975 439 2038 pars
461 1953 556 2021 fidem
579 1957 761 2036 sequatur.2

669 2174 726 2227 nro.
753 2153 827 2229 xr.'

209 2279 237 2359 1,
260 2278 310 2342 bl.
336 2280 513 2345 Dextera
536 2284 671 2344 vocatur
698 2299 717 2343 a
744 2279 864 2357 dando,
896 2278 967 2358 ipsa
994 2277 1079 2342 enim
1107 2279 1227 2360 pignus
1257 2280 1335 2360 pacis

124 2381 233 2462 datur,
266 2383 337 2462 ipsa
359 2383 452 2447 testis
474 2380 550 2446 fidei
572 2386 670 2462 atque
693 2380 807 2445 salutis
832 2379 1018 2457 adhibetur3
1049 2384 1081 2444 et
1109 2379 1170 2446 hoc
1194 2385 1243 2446 est
1266 2380 1333 2445 illud

124 2485 211 2565 apud
230 2484 371 2549 Tullium
394 2482 462 2565 (ΙΙΙ
481 2490 560 2544 Cotti.
580 2506 600 2544 c.
619 2484 664 2565 ll:
688 2481 789 2546 ‘fidem
809 2482 972 2562 publicam
992 2483 1082 2546 iussu
1101 2487 1235 2549 senatus
1254 2482 1333 2560 dedi’

122 2588 141 2650 i.
164 2605 190 2651 e.
212 2583 405 2651 dexteram.³

617 2792 623 2806 ι
663 2718 721 2772 Lib.
740 2718 799 2770 XV.

205 2822 235 2904 2,
259 2821 288 2888 8.
313 2823 485 2890 Civitas*
499 2824 626 2901 dicitur,
650 2840 746 2903 quarn
768 2840 831 2885 non
854 2822 1007 2901 advenae,
1033 2823 1090 2886 sed
1109 2823 1224 2887 eodem
1242 2821 1329 2885 innati

120 2927 340 2992 condiderunt.
370 2923 689 3005 10.Municipiunr
706 2928 764 3003 est,
784 2925 869 3004 quod
880 2929 1087 3008 permanente
1099 2928 1192 2989 statu
1203 2923 1329 2989 civitatis

119 3031 170 3093 ius
180 3028 311 3110 aliquod
321 3029 453 3092 minoris
466 3031 524 3091 aut
533 3026 664 3090 maioris
674 3023 769 3089 officii
780 3026 952 3106 aprincipe
966 3025 1133 3105 impetrat.
1160 3025 1329 3091 Dictum-

120 3150 139 3194 a
165 3131 296 3208 muniis⁷
326 3131 345 3195 i.
369 3149 394 3194 e.
417 3126 542 3207 officiis,
574 3128 659 3208 quod
682 3133 808 3191 tantum
831 3128 958 3203 munia,
980 3127 1000 3190 i.
1024 3146 1050 3192 e.
1074 3129 1212 3207 tributa,
1235 3128 1328 3192 debita

118 3232 270 3310 reddant,
296 3232 346 3295 vel
377 3249 518 3296 munera.
559 3229 640 3292 Nam
663 3229 814 3294 liberales
846 3234 880 3292 et
907 3227 1143 3294 famosissimae
1172 3247 1285 3295 causae
1304 3232 1327 3292 et

119 3352 202 3415 quae
226 3352 263 3397 ex
286 3332 431 3414 principe
453 3330 706 3412 proficiscuntur,
729 3332 775 3396 ibi
798 3350 861 3395 non
885 3335 1035 3412 aguntur.
1080 3331 1171 3397 Haec
1194 3332 1274 3397 enim
1295 3329 1326 3394 ad

118 3435 308 3516 dignitatem
331 3434 499 3498 civitatum
523 3433 712 3514 pertinent.⁴
757 3432 805 3496 11.
830 3432 916 3497 Vici
940 3436 972 3496 et
995 3434 1176 3498 castella
1200 3440 1231 3500 et
1253 3429 1326 3514 pagi

117 3537 138 3600 ii
156 3542 238 3613 sunt,
255 3538 310 3616 qui
325 3536 414 3600 nulla
431 3536 590 3617 dignitate
611 3535 752 3599 civitatis
771 3540 937 3613 ornantur,
958 3535 1014 3598 sed
1030 3535 1160 3616 vulgari
1180 3536 1325 3606 hominum

119 3643 276 3702 conventu
299 3637 491 3717 incoluntur,
524 3642 557 3701 et
580 3640 712 3717 propter
734 3638 928 3716 parvitatem
952 3636 1001 3699 sui
1024 3637 1206 3703 maioribus
1228 3637 1324 3700 cirita·

116 3739 203 3804 tibus
226 3738 456 3804 attribuuntur.

204 3839 256 3920 12,
280 3837 310 3904 2.
334 3841 547 3921 Tuguriunr
578 3842 688 3905 casula
721 3845 783 3920 est,
816 3859 913 3923 quam
944 3838 1070 3903 faciunt
1099 3841 1162 3905 sibi
1191 3840 1322 3905 custodes

185 4062 209 4125 1)
228 4061 268 4114 cf.
288 4061 350 4115 Gai.
367 4065 392 4123 1,
410 4064 454 4114 26.
472 4064 559 4116 272—
576 4062 601 4115 ab
620 4060 661 4117 cf.
680 4059 752 4113 Sero.
772 4061 839 4112 Aen.
857 4062 898 4122 11,
917 4061 975 4111 133.
1004 4057 1071 4111 Geir.
1086 4062 1192 4122 20,11.·
1210 4058 1320 4112 ‘sculnan

116 4146 193 4212 volgo
212 4144 272 4212 dici,
290 4146 366 4214 quasi
384 4147 613 4214 seculna1n‚quem
624 4146 670 4213 qui
680 4144 849 4213 elegantius·
865 4144 1008 4211 loquuntur
1017 4147 1182 4210 sequestrem
1192 4142 1320 4212 appellant.

116 4229 260 4299 Utrumque
279 4230 437 4284 vocabulum
455 4247 471 4283 a
489 4231 620 4299 sequendo
639 4230 738 4283 factum
757 4231 807 4288 est,
826 4228 895 4296 quod
913 4228 1032 4297 eius,qui
1051 4228 1152 4282 electus
1169 4229 1214 4291 sit,
1224 4230 1319 4293 ucraque

115 4330 175 4380 pers
193 4315 272 4368 fidem
290 4315 432 4383 sequatur'.
467 4316 503 4368 D.
525 4319 692 4381 50,16‚110.
711 4314 828 4377 Molliter,
843 4312 1045 4380 Seqoestration
1057 4311 1177 4382 §1-15.
1199 4342 1229 4352 -
1246 4312 1269 4372 3)
1286 4305 1318 4360 d.

116 4397 189 4451 Sero.
208 4402 274 4455 Aen.
293 4405 317 4466 3,
335 4403 395 4455 607.
414 4432 447 4439 —
464 4401 489 4466 4)
508 4400 547 4454 cf.
566 4400 634 4454 Geli.
652 4403 693 4465 16,
711 4403 752 4452 13.
