2916 4860
645 337 731 404 Leges
750 339 847 405 regiae.
1310 337 1357 401 13,

203 510 233 577 5.
260 513 360 575 Dione.
380 510 513 593 (425)ss
535 509 665 584 ἐκεῖνος
687 509 806 575 διελών
829 504 897 575 ἀπὸ
920 509 991 573 τῶν
1013 509 1198 574 ἰδιωτικῶν
1221 509 1348 594 (ἐγκλη-

113 711 222 790 αδτδς
240 716 390 782 ἐποιεῖτο
413 712 473 788 τὰς
496 708 795 797 διαγνώσειςτιδν
813 714 850 779 δὲ
874 713 1058 778 ἰδιωτικῶν
1076 710 1214 790 ἰδιώτας
1232 712 1349 793 ἔταξεν

112 813 202 882 εἶναι
222 812 391 895 δικαστάς,
407 806 508 899 ὅρους
525 817 581 879 καὶ
599 811 747 891 κανόνας
765 810 882 891 αὐτοῖς
896 814 1006 895 τάξας,
1026 810 1085 891 οὓς
1102 811 1207 891 αὐτὸς
1224 813 1348 900 ἔγραψε

104 917 252 1003 νόμους.

204 1019 233 1086 6.
263 1019 296 1086 Su
313 1043 466 1084 ruaaurau
484 1043 720 1089 supersperare,
735 1045 786 1085 nau
805 1045 875 1085 onus
892 1042 1348 1090 rooanssrueueao1vusmnuu-

114 1147 176 1189 rum
202 1145 291 1187 sacua
309 1125 400 1187 rasso.q

414 1292 483 1356 VH.
529 1290 791 1368 TARQUINIUS
816 1292 1047 1359 SUPERBUS.

202 1429 301 1494 Dion.
325 1426 465 1510 (4,43).·3
487 1425 533 1510 (Ὁ
554 1425 753 1511 Ταρκύνιος)
771 1424 993 1512 τοδςινόμοας
1017 1426 1098 1504 τοὺς
1114 1425 1182 1492 ὑπὸ
1204 1430 1346 1493 Τυλλίου

111 1532 305 1617 γραφέντας
333 1567 376 1575 -
400 1531 477 1614 περὶ
507 1527 550 1594 τὰ
573 1527 756 1614 συμβόλαια
788 1527 921 1604 πάντας
943 1525 1063 1595 ἀνεῖλε·
1094 1531 1150 1593 καὶ
1173 1525 1254 1595 οὐδὲ
1286 1528 1349 1604 τὰς

114 1631 265 1711 σανίδας,
284 1631 323 1696 ἐν
352 1624 404 1707 αῖς
432 1621 518 1718 ἦσαν
543 1632 775 1716 γεγραμμένοι,
798 1632 988 1710 κατέλιπεν,
1020 1627 1104 1696 ἀλλὰ
1134 1633 1190 1696 καὶ
1221 1628 1356 1708 ταύτας.

116 1737 372 1819 καθαιρεθῆναι
394 1730 551 1808 κελεύσας
565 1733 602 1799 ἐκ
624 1738 684 1819 τῆς
706 1728 830 1818 ἀγορᾶς
852 1734 1053 1816 διέφθειρεν.

619 1957 782 2028 CAPUT
810 1957 852 2027 ΙΙ.
890 1968 893 1973 ’

410 2116 574 2184 LEGES
600 2116 686 2183 XII
713 2115 1052 2184 TABULARUM.

639 2248 827 2309 HISTORIA.

203 2356 318 2421 Liuius
341 2354 385 2439 (3,
414 2353 563 2438 9--57).·4
590 2353 623 2420 C.
654 2356 849 2419 Terentilius
873 2355 957 2419 Arsa
990 2356 1142 2420 tribunus
1173 2356 1276 2437 plebis
1309 2375 1355 2421 eo·

120 2476 204 2522 anno
237 2455 326 2539 (292)
347 2456 419 2521 fuit.
456 2458 553 2522 Is-
574 2459 712 2522 maxime
738 2457 772 2521 in
795 2457 962 2522 consulare
984 2459 1165 2539 imperium,
1188 2463 1344 2540 tanquam

116 2559 252 2623 nimium
275 2577 334 2623 nec
356 2559 524 2623 tolerabile
546 2558 669 2624 liberae
693 2559 825 2637 civitati,
848 2559 1080 2624 invehebatur:
1103 2595 1146 2604 —
1164 2557 1258 2625 ‘duos
1286 2579 1344 2641 pro

115 2678 175 2725 uuo
191 2661 339 2725 dominos
354 2666 503 2742 acceptos
514 2696 529 2728 a
541 2658 668 2724 infinita
682 2666 853 2740 potestate,
874 2662 929 2742 qui
951 2694 967 2726 a
982 2660 1127 2726 eflienati
1151 2663 1213 2743 ipsi
1235 2680 1345 2726 omnes

115 2769 223 2826 metus
236 2762 346 2843 legum
364 2795 406 2807 -
423 2767 587 2826 verterent
608 2763 641 2827 in
660 2761 800 2843 plebem3
825 2781 909 2844 quae
928 2782 967 2826 ne
991 2768 1125 2828 aeterna
1135 2763 1199 2827 illis
1211 2763 1343 2828 licentia

115 2864 166 2938 sit,
190 2865 298 2944 legem
314 2881 347 2927 se
365 2863 659 2950 promulgaturum,
675 2870 713 2927 ut
726 2864 816 2927 Vviri
840 2871 991 2929 creentur
1008 2864 1133 2946 legibus
1153 2865 1191 2929 de
1207 2865 1341 2945 imperio

117 2966 279 3031 consulari
298 2960 491 3030 scribendis?
534 2965 614 3047 (cop.
632 2963 699 3049 10.)
723 2966 816 3031 Anno
836 2966 952 3031 deinde
973 2966 1157 3048 insequenti
1178 2963 1268 3047 (293)
1290 2967 1342 3029 lex

115 3068 323 3132 Terentiliaa
336 3072 405 3132 toto
422 3068 524 3132 relata
542 3068 676 3149 collegio
690 3087 789 3132 novos
808 3087 960 3150 aggressa
974 3068 1118 3133 consules
1132 3073 1190 3132 est.
1210 3064 1342 3148 (11.)-

115 3175 227 3251 patres
256 3171 289 3233 in
312 3170 396 3251 lege,
421 3188 502 3251 quae
523 3188 582 3251 per
604 3188 714 3234 omnes
737 3171 913 3234 comitiales
941 3170 1009 3235 dies
1036 3169 1213 3248 ferebatur,
1240 3168 1341 3248 impe-

115 3273 234 3338 dienda
267 3273 433 3353 gerebant.
466 3270 546 3356 (14.)
575 3309 617 3317 -
648 3290 707 3353 per
736 3277 840 3337 totum
865 3291 983 3336 annum
1015 3270 1106 3355 (293)
1137 3270 1262 3335 artibus
1291 3271 1342 3334 lex

115 3375 206 3439 elusa
225 3379 285 3438 est.
332 3372 406 3456 (15.)
448 3374 537 3438 Nihil
554 3375 628 3439 novi
646 3392 748 3438 novus
766 3393 869 3438 annus
888 3371 977 3456 (294)
996 3373 1175 3450 adtulerat3
1199 3370 1310 3453 legisi
1329 3406 1342 3418 -

113 3477 237 3540 rendae
259 3480 315 3539 aut
343 3476 551 3556 accipiendae
582 3494 659 3541 cura
686 3476 850 3540 uilitatem
879 3477 1019 3541 tenebat.
1050 3475 1125 3557 (17.)
1147 3511 1189 3519 -
1211 3493 1271 3540 neo
1291 3475 1343 3539 lex

181 3646 207 3710 1)
226 3643 285 3710 (ille
303 3642 409 3697 iudiciis
426 3643 541 3711 publicis
559 3645 688 3711 separatis
706 3660 722 3696 a
740 3644 852 3712 privatis
870 3644 926 3712 ipse
945 3642 1051 3711 quidem
1069 3642 1101 3696 de
1120 3642 1234 3711 publicis
1252 3643 1340 3696 crimi-

112 3729 190 3784 nibus
207 3728 326 3797 suscepit
335 3729 521 3797 cognitionem,
539 3729 617 3783 rebus
631 3730 744 3798 privatis
758 3745 819 3783 vero
828 3729 928 3782 iudices
937 3729 1055 3797 privatos
1064 3729 1227 3796 praeposuit,
1246 3728 1342 3797 quibus

113 3831 217 3867 normas
240 3816 268 3867 et
291 3815 398 3882 regulas
422 3815 563 3868 constituit
586 3814 659 3882 leges
682 3831 698 3867 a
721 3831 748 3868 se
767 3814 948 3884 conscriptas.)
966 3844 999 3851 —
1016 3813 1043 3878 2)
1062 3812 1153 3867 Fece:
1175 3813 1291 3866 ‘Plorare
1308 3842 1341 3852 -

113 3899 182 3968 apud
205 3897 331 3966 antiquos
358 3928 392 3938 —
419 3899 562 3953 inclamare
569 3921 576 3964 ;
604 3899 632 3952 in
654 3900 761 3953 Ronruli
778 3929 812 3939 —
829 3900 949 3967 legibus:
973 3899 1001 3952 Si
1018 3916 1101 3952 nurus
1128 3901 1194 3962 etc.;
1221 3898 1248 3949 in
1267 3897 1342 3951 Servi

114 3983 184 4038 Tulli
206 3984 275 4038 haec
302 3985 355 4038 est:
380 3986 414 4037 ‘s1
436 4013 469 4022 -—
492 3985 576 4038 asro'.
599 4016 633 4023 -
654 3984 680 4050 3)
705 3985 810 4052 (Tarqu.
834 3986 907 4053 leges
935 4002 951 4038 a
974 3985 1061 4038 Tullio
1085 3984 1198 4051 scriptas
1221 3982 1253 4035 de
1280 3997 1340 4035 con·

113 4069 243 4123 tractibus
262 4085 351 4123 omnes
370 4070 495 4133 sustulit,
514 4073 591 4124 etue
609 4071 717 4124 tabulas
736 4071 852 4139 quidem,
869 4072 897 4124 in
920 4071 1015 4140 quibus
1038 4073 1114 4124 erant
1132 4069 1256 4134 scriptae,
1279 4069 1348 4120 reli·

115 4155 176 4222 quit,
199 4155 247 4209 sed
265 4154 315 4209 has
329 4171 431 4224 quoque
448 4172 479 4210 ex
498 4156 553 4209 foro
572 4157 732 4209 summoveri
750 4158 835 4210 iussas
855 4156 971 4219 delevit.)
990 4156 1030 4210 cf.
1048 4157 1131 4209 Dion
1151 4156 1175 4217 5,
1193 4154 1220 4206 2;
1241 4156 1340 4226 (Βροῦ-

115 4257 159 4304 τος
185 4242 237 4296 καὶ
260 4241 454 4305 Κολλατῖνος)
482 4240 550 4305 τοὺς
578 4241 684 4307 νόμους
708 4243 775 4306 τοὺς
801 4245 868 4314 περὶ
891 4249 950 4296 τῶν
973 4243 1170 4312 συμβολαίων,
1194 4237 1262 4303 τοὺς
1284 4236 1347 4294 ὑπὸ

118 4326 235 4382 Τυλλίου
267 4325 446 4399 γραφέντας,
470 4357 504 4364 -
532 4321 581 4390 οὓς
612 4321 742 4391 ἅπαντας
769 4324 908 4382 κατέλυσε
943 4326 1109 4399 Ταρκύνιος,
1137 4322 1344 4379 ἀνενεώσαντο1

117 4408 304 4473 (renovarunt).
331 4439 363 4450 -
389 4411 416 4477 4)
437 4410 476 4465 of.
495 4411 579 4464 Dion.
597 4415 640 4478 10,
658 4415 753 4474 1-60,
776 4412 907 4480 Panopen.
926 4413 954 4464 iu
972 4411 1008 4463 D.
1027 4415 1051 4476 1,
1069 4415 1096 4475 2,
1114 4414 1140 4472 2,
1161 4413 1184 4463 3.
1203 4413 1228 4461 4.
1245 4413 1288 4463 24.
