2916 4860
115 353 178 418 302
652 361 807 432 Scriptores.

203 527 250 600 25,
277 527 324 590 11.
349 528 474 593 Einium
508 533 725 612 regundorum
757 534 842 598 actio
877 535 963 598 diota
995 552 1046 613 eo,
1079 535 1168 615 quod
1191 553 1251 616 per
1273 555 1336 600 eam

118 634 274 711 regantur
296 627 378 694 fines
403 631 543 712 utrique,
562 651 601 696 ne
625 634 831 715 dissipentur,
857 636 1028 700 dummodo
1049 638 1132 701 nou¹
1157 639 1337 718 'angustiore

119 732 261 813 quinque
291 731 409 812 pedum
445 731 514 797 loco
537 752 575 798 ea
598 739 817 803 controversia
840 740 892 803 sit.
936 736 984 802 14.
1008 739 1082 803 Res
1109 739 1264 804 credita
1286 745 1337 816 est,

117 851 200 914 quae
228 834 260 896 in
284 834 516 914 obligationem
539 837 587 900 ita
611 838 750 903 deducta
774 845 838 919 est,
870 844 907 903 ut
930 859 968 904 ex
990 845 1152 920 tempore,
1184 859 1250 921 quo
1273 859 1338 904 con-

117 934 318 1014 trahebatur,
343 941 465 1001 centum
489 939 541 1017 sit,
566 957 636 1003 eam
659 939 787 1005 deferri.
833 939 881 1003 16.
903 941 1211 1024 Commod(ot)um
1231 948 1281 1007 est
1301 943 1338 1021 id,

118 1038 202 1119 quod
235 1039 337 1103 nostri
368 1040 448 1104 iuris
480 1045 547 1118 est,
580 1045 613 1104 et
644 1042 686 1106 ud
716 1043 796 1107 alios
829 1043 1051 1124 temporaliter
1068 1043 1270 1108 translatum
1297 1051 1340 1108 est

117 1158 189 1204 cum
213 1139 400 1222 (comimodo
423 1145 591 1223 temporie,
621 1146 775 1225 quamdiu
799 1147 885 1226 apud
908 1164 982 1210 eum
1005 1147 1061 1225 sit,
1091 1146 1179 1211 unde
1204 1151 1339 1211 111011-

117 1242 307 1325 rnod(ot)um
331 1244 451 1308 dictum
476 1250 532 1308 est.
579 1244 878 1311 17.Ρ1111111111
902 1253 960 1328 est,
985 1248 1059 1311 dum
1081 1265 1180 1327 prece
1200 1248 1340 1312 creditor

118 1349 254 1426 rogatur
276 1347 431 1426 permitti,
456 1346 634 1411 debitorem
658 1348 690 1411 in
714 1349 914 1428 possessione
936 1347 1029 1413 fundi
1051 1349 1115 1413 sibi
1134 1349 1273 1430 obligati
1291 1349 1339 1413 de·

117 1447 256 1527 morari,
287 1451 321 1510 et
354 1465 393 1512 ex
424 1465 460 1512 eo
483 1446 607 1514 fructus
641 1467 766 1529 capere.
812 1447 860 1511 19.
882 1451 1119 1531 Depositum
1152 1456 1204 1514 est
1228 1451 1340 1530 pignus

118 1550 374 1615 commendatum
414 1550 454 1614 ad
495 1554 641 1630 tempus,
683 1551 774 1632 quasi
816 1552 871 1616 diu
910 1552 1060 1632 positum.
1111 1549 1162 1613 20.
1204 1552 1339 1616 Interest

119 1653 167 1718 *in
189 1651 341 1732 loquendi
364 1670 425 1715 usu
449 1653 533 1716 inter
556 1653 673 1734 pignus
696 1657 730 1717 et
752 1671 867 1717 arram.
899 1653 981 1718 Nam
1004 1655 1150 1735 pignus
1173 1659 1237 1734 est,
1262 1654 1337 1735 quod

20 1836 22 1839 ι
119 1753 217 1818 datur
240 1757 372 1834 propter
394 1752 488 1837 (1111)
511 1755 678 1834 creditam,
701 1773 782 1837 quae
806 1756 881 1820 dum
904 1757 1066 1829 redditur,
1089 1758 1203 1821 statim
1228 1757 1338 1839 pignus

120 1854 275 1920 aufertur.
320 1855 417 1920 Arra
440 1875 525 1936 vero,
549 1875 631 1938 quae
653 1857 794 1937 primum
815 1875 874 1938 pro
893 1875 927 1921 re
951 1859 1055 1922 bonae
1078 1855 1154 1921 fidei
1173 1845 1339 1922 contractu

119 1963 227 2039 empta
263 1975 301 2022 ex
327 1963 422 2038 parte
446 1959 544 2023 datur
573 1964 605 2022 et
633 1963 747 2039 postea
770 1959 956 2039 completur.
999 1956 1050 2021 21.
1073 1958 1135 2023 Est
1158 1960 1247 2024 enim
1271 1978 1339 2024 arra

120 2061 322 2141 complenda,
350 2079 411 2124 non
441 2059 632 2138 auferenda,
666 2061 739 2124 inde
768 2061 823 2142 qui
849 2059 947 2124 habet
982 2078 1105 2134 arram,
1136 2064 1203 2124 non
1231 2062 1340 2126 reddet

119 2164 203 2227 sicut
225 2162 352 2244 pignus,
369 2163 426 2227 sed
448 2162 613 2227 desiderat
636 2163 874 2242 plenitudinem.
890 2198 940 2225 -.
965 2163 1046 2226 Item
1064 2163 1152 2227 inter
1169 2163 1290 2244 pignus
1311 2169 1339 2226 et

120 2260 269 2328 fiduciam
292 2268 325 2328 et
355 2263 568 2346 hypothecam
600 2263 659 2328 hoc
685 2265 830 2328 interest.
885 2261 936 2328 22.
965 2264 1108 2345 Pignus
1142 2270 1229 2344 estc,
1262 2265 1339 2346 quod

120 2372 252 2446 propter
270 2384 337 2430 rem
360 2366 515 2431 creditam
539 2365 713 2447 obligatur,
737 2366 828 2429 cuius
850 2365 898 2428 rei
921 2365 1155 2446 possessionem
1179 2366 1281 2430 solam
1303 2367 1339 2431 ad

120 2472 247 2548 tempus
284 2469 491 2553 consequitur
522 2468 675 2546 creditor,
702 2500 717 2532 s
746 2468 922 2533 dominium
950 2485 1059 2552 penes*
1076 2467 1259 2532 debitorem
1286 2472 1339 2532 est.

119 2566 168 2633 23.
199 2569 373 2635 Fiducia
404 2575 469 2648 est,
502 2588 572 2634 cum
605 2588 656 2634 res
684 2569 794 2651 aliqua
827 2569 1002 2634 sumendae
1028 2574 1162 2633 mutuae
1190 2569 1340 2649 pecuniae

120 2672 225 2752 gratia
251 2672 302 2736 vel
328 2672 536 2752 mancipatur
561 2673 612 2736 vel
634 2672 668 2735 in
690 2672 761 2736 iure
784 2671 916 2736 ceditur.
960 2668 1012 2734 24.
1036 2670 1265 2753 Hypotheea
1287 2677 1339 2750 est,

119 2792 191 2837 cum
209 2792 261 2838 res
282 2773 524 2839 commendatur
538 2773 607 2837 sine
625 2773 825 2853 depositione
841 2772 996 2854 pignoris
1011 2776 1107 2852 puoto
1126 2773 1177 2837 vel
1198 2773 1340 2838 cautione

118 2876 186 2941 sola
209 2875 452 2940 interveniente.
479 2873 529 2938 ab.
549 2875 799 2939 Momentum
817 2875 939 2938 dictum
958 2892 977 2937 a
994 2874 1151 2955 temporis
1169 2875 1338 2952 brevitate,

120 2982 157 3041 ut
179 2996 273 3059 quam
297 2977 360 3042 cito
379 2995 474 3057 qaam
492 2977 622 3041 statim²
639 2975 728 3040 salvo
747 2977 876 3058 negotio
894 2973 1094 3049 reformetur,
1115 2994 1176 3041 nee
1195 2978 1229 3041 in
1247 2977 1339 3041 ullam

119 3096 241 3143 moram
263 3079 397 3160 produci
420 3079 546 3157 debeat,
566 3079 652 3159 quod
667 3079 836 3159 repetitur,
853 3091 901 3140 etc.
925 3077 973 3159 (cf.
982 3078 1041 3160 33.)
1070 3075 1122 3141 30.
1146 3077 1338 3160 Usucapio

123 3181 458 3260 (111111111113.)
485 3178 535 3244 31.
557 3180 818 3261 Mancipatio
841 3186 901 3260 est,
920 3179 1064 3261 quiores
1083 3198 1183 3243 manu
1202 3181 1339 3261 capitum

119 3285 203 3350 unde
219 3290 347 3366 oportet
365 3303 447 3364 eum,
467 3283 520 3364 qui
535 3282 731 3362 mancipium
750 3282 878 3363 accipit,
889 3280 1160 3362 comprehendere
1176 3282 1213 3346 id
1228 3283 1338 3363 ipsum,

120 3388 206 3469 quod
228 3388 258 3452 ei
280 3387 439 3467 mancipio
462 3386 568 3449 datur.
614 3380 665 3447 32.
688 3382 825 3448 Cassio
853 3387 903 3447 est
925 3383 1076 3463 propriae
1098 3382 1148 3446 rei
1171 3383 1338 3459 concessio,

120 3501 166 3550 eae.
205 3487 255 3552 33.
277 3488 547 3553 Interdictum
570 3490 629 3564 est,
653 3485 737 3568 quod
761 3505 780 3549 1
802 3485 909 3549 iudice
932 3502 994 3549 non
1016 3484 1049 3548 in
1072 3488 1271 3564 perpetuum
1289 3482 1339 3548 sed

120 3609 179 3672 pro
208 3589 409 3655 reformando
438 3594 599 3653 momento
623 3589 665 3652 ad
688 3593 815 3668 tempus
838 3587 967 3651 interim
991 3585 1127 3664 dicitur,
1161 3587 1254 3651 salva
1275 3602 1339 3667 pro·

121 3693 281 3775 positione
304 3692 439 3756 actionis
462 3691 539 3756 cius.
968 3696 969 3700 ’

206 3791 258 3874 26,
282 3792 329 3854 17.
373 3791 614 3856 Internecioi
641 3791 796 3856 iudicium
820 3791 853 3854 in
875 3808 946 3854 eum
970 3782 1122 3867 dabatur,
1147 3790 1204 3871 qui
1227 3788 1337 3854 falsum

121 3901 352 3961 testamentum
375 3893 513 3973 fecerat,
537 3899 570 3958 et
592 3895 632 3959 ob
656 3894 691 3958 id
712 3893 870 3957 hominem
894 3892 1065 3957 occiderat.
1110 3892 1337 3956 Accusatorem

44 3984 47 3990 ’
123 4000 189 4064 eius
211 3997 369 4079 possessio
390 3998 546 4061 bonorum
570 3995 792 4076 sequebatur.³

193 4169 219 4232 1)
238 4166 294 4220 Hoc
314 4165 380 4218 ‘non'
399 4162 540 4219 delendum
558 4165 647 4217 censet
656 4162 771 4230 Aequor.
789 4158 905 4213 auxii
917 4158 970 4213 tub.
988 4175 1009 4212 c.
1027 4160 1072 4223 20,
1088 4157 1122 4210 ad
1132 4156 1336 4211 ‘controversum

125 4250 157 4305 de
177 4251 240 4305 loco’
258 4256 377 4319 spectare
395 4248 525 4303 Isidorum
542 4250 621 4315 putat
639 4246 794 4302 11111111.
814 4243 917 4298 aetam.
936 4247 964 4310 2,
983 4246 1040 4296 143.
1058 4258 1084 4296 a.
1103 4245 1164 4298 535.
1182 4242 1215 4297 ef.
1233 4241 1299 4296 infra
1310 4255 1335 4307 p.

126 4336 350 4400 3181111-2)
370 4335 434 4390 eod.
453 4333 685 4402 (1111111111
703 4330 797 4395 11111111
816 4335 874 4384 tam
893 4327 962 4405 citos.
1004 4325 1092 4394 Vulp:
1111 4327 1201 4395 ‘qnam
1220 4327 1272 4380 cito
1287 4329 1335 4377 tem

125 4419 235 4476 statim'.
254 4450 286 4458 -
304 4421 331 4486 3)
349 4420 392 4474 Cf.
410 4418 483 4475 Fert.
501 4418 705 4473 Intemecivum.
