2916 4860
588 409 706 464 Senatus
724 411 852 467 consults.
1272 412 1334 478 145

108 589 285 656 traxerint:
319 585 462 666 placere,
490 583 644 648 redactae
675 601 712 646 ex
744 582 850 663 pretio
879 599 986 648 rerum
1012 585 1217 651 venditamm
1239 603 1334 666 pecu-

108 693 185 757 niae
203 704 320 754 usuras
345 704 410 752 nou
437 702 508 750 esse
535 685 725 766 exigendam
748 684 898 765 idemque
912 684 945 748 in
964 685 1123 753 similibus
1146 687 1253 752 causis
1269 704 1335 752 ser-

105 791 260 857 vandum.
317 787 400 852 Item
432 786 577 867 placere:
608 805 629 850 a
660 786 778 873 quibus
811 786 975 850 hereditas
1005 789 1111 868 petita
1143 786 1273 869 fuisset,
1307 789 1334 852 si

104 895 269 960 adversus
301 888 356 955 eos
386 889 564 954 iudicatum
597 892 696 968 esset,
727 889 852 969 pretia,
887 906 970 970 quae
1002 889 1044 954 ad
1070 907 1124 955 eos
1155 908 1264 955 rerum
1295 884 1335 954 er

105 994 294 1060 hereditate
316 991 521 1056 venditarum
544 991 779 1071 pervenissent,
811 991 873 1055 etsi
895 1008 951 1055 eae
977 994 1053 1055 ante
1079 991 1217 1073 petitam
1243 991 1335 1056 here·

106 1095 252 1162 ditatem
269 1093 470 1174 deperissent
489 1092 715 1156 deminutaeve
730 1089 877 1173 fuissent,
893 1092 1068 1157 restituere
1083 1093 1209 1159 debere.
1237 1091 1334 1157 Item:

106 1216 174 1273 eos,
191 1197 248 1280 qui
262 1196 349 1262 hona
364 1193 568 1273 invasissent,
585 1193 673 1258 cum¹
692 1193 812 1258 scirent
828 1193 870 1258 ad
888 1211 922 1258 se
935 1211 999 1257 non
1017 1195 1190 1276 pertinere,
1209 1193 1336 1260 etiamsi

107 1305 190 1367 ante
211 1298 304 1363 litem
326 1299 540 1362 contestatam
566 1292 716 1374 fecerint,
745 1313 808 1376 quo
831 1295 937 1359 minus
963 1296 1179 1376 possiderent,
1203 1296 1336 1377 perinde

107 1399 389 1478 condemnandos,
415 1397 508 1479 quasi
530 1396 751 1478 possiderent3
783 1413 837 1461 eos
860 1401 987 1476 autem,
1020 1398 1076 1478 qui
1097 1397 1201 1463 iustos
1223 1415 1335 1462 causas

106 1502 316 1581 habuissent,
349 1517 449 1581 quare
475 1498 559 1566 bona
582 1499 624 1564 ad
647 1516 681 1562 se
703 1498 869 1579 pertinere
890 1498 1140 1580 existimassent,
1173 1517 1276 1581 usque
1298 1517 1335 1564 eo

109 1605 294 1682 dumtaxat,
317 1616 380 1683 quo
402 1600 629 1682 locupletiores
653 1619 692 1664 ex
714 1617 752 1664 ea
769 1618 805 1664 re
827 1597 905 1667 iacti
922 1605 1040 1666 essent.
1066 1601 1209 1667 Petitam
1227 1605 1336 1666 autem

108 1705 188 1772 fisco
208 1705 426 1771 hereditatem
446 1722 486 1768 ex
503 1719 541 1768 eo
562 1707 706 1783 tempore
724 1701 975 1768 existimandum
1000 1717 1094 1783 esser
1111 1719 1175 1783 quo
1196 1703 1336 1784 primum

108 1808 224 1874 scierit
247 1806 392 1889 quisque,
415 1823 486 1871 eam
508 1804 537 1870 a
555 1821 589 1869 se
611 1805 689 1885 peti,
711 1803 823 1883 idest,
842 1803 1072 1884 cumprimum
1091 1808 1150 1869 aut
1165 1803 1336 1869 denuntio-

110 1916 180 1974 tum
204 1913 291 1974 esset
313 1908 353 1989 ei,
371 1911 431 1972 aut
447 1906 568 1972 litteris
590 1905 641 1971 vel
664 1905 769 1970 edicto
791 1909 942 1970 evocatus
965 1909 1060 1971 esset.
1084 1903 1296 1971 Censuerunt.
1418 1900 1419 1903 ’

307 2056 337 2121 9.
360 2056 426 2124 SC.
448 2056 682 2124 Cassianum
705 2058 748 2123 de
771 2057 981 2138 nundinis,
1006 2077 1036 2124 a.
1060 2054 1147 2120 138.l

202 2167 262 2236 SC.
289 2169 328 2236 de
359 2168 513 2234 nundinis
544 2167 665 2234 saltus³
691 2165 870 2249 Beguensis
895 2168 930 2232 iu
956 2168 1148 2250 tterritorio)
1170 2166 1175 2251 )
1195 2166 1337 2242 casensi,

109 2273 312 2354 descriptum
322 2275 355 2336 et
365 2270 567 2352 recognitum
577 2287 616 2333 ex
624 2265 976 2352 libroisenltentiarum
984 2269 1018 2334 in
1028 2273 1143 2335 senatu
1151 2263 1337 2355 dic[ta]mm

109 2373 253 2456 htapite)
281 2371 431 2453 septimo,
454 2370 490 2435 Τ.
517 2369 608 2436 Junii
628 2368 732 2452 Nigri,
764 2368 797 2435 C.
819 2369 983 2455 Pompolni
1011 2369 1173 2437 Camerini
1202 2388 1275 2452 cos,
1302 2372 1336 2436 in

110 2491 176 2558 quo
189 2473 315 2554 scripta
328 2467 720 2556 erautrl[r‘rtco]ni¹⁵iura6
731 2476 764 2536 et
777 2472 811 2538 id
822 2472 826 2558 )
837 2473 923 2554 quod
941 2471 1050 2554 itnira)
1062 2472 1247 2556 s(criptum)
1260 2470 1338 2556 δεῖ.)

199 2574 237 2639 In
265 2573 394 2639 comitio
417 2573 451 2637 in
477 2572 599 2652 cuma3⁷
629 2567 826 2658 [scrlihuado
849 2571 856 2660 Ι
875 2572 1050 2640 adfuerunt
1071 2573 1107 2652 Q.
1130 2573 1279 2642 Salonius
1302 2572 1337 2651 Q.
1346 2583 1373 2638 5.

110 2676 133 2742 f.
141 2675 233 2754 Quir.
243 2675 384 2756 Longus,
408 2723 415 2740 .
439 2724 446 2739 .
470 2725 478 2741 .
500 2669 713 2761 Quar[t]inus,
732 2672 738 2761 Ι
758 2673 792 2740 C.
817 2675 941 2758 Oppius
976 2675 1010 2744 C.
1039 2674 1061 2741 f.
1090 2675 1161 2742 Vel.
1192 2674 1339 2756 Severus,

111 2777 147 2844 C.
165 2777 257 2843 Fi..
275 2826 294 2856 .,
332 2770 379 2861 [S.
391 2772 549 2858 Μαίης
568 2772 573 2862 Ι
593 2775 635 2840 Μ.
653 2773 675 2840 f.
696 2775 784 2854 Quir.
800 2774 925 2858 Clarus,
944 2778 978 2843 P.
998 2776 1130 2844 Cassius
1152 2777 1188 2843 la
1209 2775 1231 2842 i.
1248 2777 1337 2843 Aem.

110 2879 237 2944 Dexter
261 2875 464 2960 quaestam,
486 2873 521 2942 P.
544 2875 668 2943 Nonius
685 2877 728 2944 M.
750 2877 771 2945 f.
790 2876 861 2944 Oui.
879 2878 1052 2964 Maclrinus
1069 2879 1272 2961 qquaestorls
1301 2879 1339 2942 In

113 2984 232 3046 senatu
253 2976 386 3044 fuerunt
407 2975 432 3043 C
455 3027 464 3044 .
487 3027 494 3043 .
518 2977 554 3062 ,1)
570 2976 628 3045 SC.
650 2997 710 3061 per
731 2980 956 3047 discessionem
978 2979 1110 3047 iactum.
1348 3008 1389 3063 10.

187 3113 214 3179 1)
231 3110 267 3166 L.
284 3113 329 3177 25,
346 3109 366 3181 ἕ
381 3114 413 3165 2:
431 3111 479 3166 ‘ait
497 3113 617 3167 senatus:
635 3141 670 3151 -
687 3112 765 3167 ‘bona
782 3143 815 3153 -
833 3129 912 3183 quae
930 3114 1045 3169 scireut'.
1063 3142 1097 3154 -
1113 3114 1141 3183 2)
1159 3112 1235 3168 Binis
1252 3128 1337 3167 erem·

117 3197 181 3266 plis,
199 3195 335 3266 lapidibus
352 3195 498 3265 inscriptis,
519 3196 564 3250 hic
581 3197 679 3251 titulus
697 3201 817 3266 repertus
835 3199 923 3253 estin
940 3199 1024 3254 ruinis
1041 3198 1167 3267 autiquae
1184 3199 1291 3266 Beguae
1309 3199 1338 3252 in

120 3281 227 3336 Africae
250 3295 332 3347 regno
350 3279 497 3346 Tunetano,
521 3281 636 3336 alterum
654 3299 678 3335 a.
697 3283 765 3337 1860
783 3299 799 3336 a
822 3282 851 3337 V.
870 3283 974 3339 Carteia
991 3285 1057 3354 (aoy.
1074 3284 1148 3340 arch.
1165 3287 1192 3352 1,
1207 3284 1280 3353 391),
1298 3285 1337 3337 al·

114 3368 206 3422 ¹terum
226 3365 257 3419 in
278 3364 465 3433 investigando
485 3365 534 3421 illo
551 3381 568 3419 a
585 3365 618 3422 G.
642 3367 793 3422 octauam
806 3385 830 3425 a.
851 3367 931 3437 1873,Ι
946 3369 992 3440 qui
1012 3371 1152 3439 utmmque
1171 3368 1341 3423 coniunctum

114 3450 204 3505 edidit
223 3448 306 3519 (Epis.
322 3451 405 3520 eptqr.
418 3453 446 3515 2,
454 3451 521 3518 272)
539 3452 728 3506 commentario
745 3452 858 3519 adiecto,
876 3454 919 3508 cui
937 3457 1015 3508 notas
1033 3453 1341 3509 edildruda-Lum-

114 3535 390 3590 .lenterillustrantur
406 3534 455 3588 hoo
473 3533 553 3589 titulo
572 3536 623 3590 loci
640 3537 803 3592 iamdudum
820 3539 879 3592 noti
895 3538 929 3594 de
945 3538 1124 3593 nundinarum
1140 3540 1342 3608 iureapriuatis

117 3633 246 3689 possesso.
281 3618 319 3674 D.
336 3621 380 3683 50,
398 3623 440 3674 11.
460 3618 531 3687 (1.4,
549 3623 592 3675 60.
611 3620 686 3675 Plau.
704 3636 745 3691 ep.
762 3624 788 3690 5,
805 3626 830 3679 4.
849 3621 923 3679 Suet.
943 3622 1042 3679 Claud.
1058 3627 1102 3679 12.
1121 3625 1155 3692 cf.
1175 3624 1205 3680 0.
1221 3625 1247 3684 I.
1265 3624 1300 3680 L.
1317 3628 1342 3690 3,

113 3706 179 3759 523.
197 3719 226 3758 n.
243 3705 328 3760 4121:
352 3704 428 3773 ‘Imp
445 3733 479 3744 -
502 3704 693 3761 Constantinus
709 3735 745 3746 -
761 3707 893 3762 nundinas
916 3708 959 3762 die
982 3708 1045 3762 solis
1067 3711 1170 3779 perpeti
1191 3726 1260 3766 anno
1282 3727 1343 3765 oon-

114 3784 228 3844 stituit'.
246 3817 282 3829 -
297 3788 327 3857 3)
344 3787 441 3846 Front.
457 3805 542 3860 prom.
560 3793 609 3844 53.-
632 3791 668 3844 ‘in
686 3791 778 3847 Africa
800 3793 886 3849 saltus
907 3809 959 3847 uon
981 3793 1095 3849 minores
1117 3795 1218 3851 hubent
1235 3795 1343 3865 privati,

116 3889 202 3942 quam
224 3871 375 3941 respublica
397 3875 544 3942 territoria,
566 3905 601 3914 -
621 3875 701 3929 immo
719 3875 848 3945 -louge
872 3878 999 3932 maiores'.
1024 3907 1059 3919 -
1079 3879 1106 3945 4)
1124 3881 1183 3935 Iam
1200 3881 1284 3935 libera
1302 3896 1343 3934 re·

114 3957 228 4028 publiea
251 3957 304 4012 fuit
326 3958 407 4012 moris
428 3960 459 4014 nt
483 3962 543 4014 acta
566 3963 687 4028 senatus,
710 3964 766 4015 tam
784 3963 942 4017 ‘sententiae
965 3962 1063 4018 diotee'
1086 3980 1165 4034 quam
1188 3965 1258 4020 scta
1281 3981 1343 4032 quo-

118 4043 212 4098 tannis
228 4043 259 4097 in
275 4042 390 4112 singulis
408 4042 484 4099 libris
501 4059 518 4097 a
535 4044 718 4112 quaestoribus
735 4045 970 4102 conscriberentur.
989 4046 1045 4104 Cic.
1059 4049 1116 4105 Att.
1134 4053 1176 4115 13,
1184 4052 1227 4112 33,
1235 4052 1261 4105 3.
1278 4047 1344 4103 Inde

118 4129 149 4182 iu
171 4128 222 4182 hoo
240 4126 310 4183 suto
330 4127 516 4200 explicandum
540 4131 589 4196 est,
614 4130 682 4198 quod
705 4131 733 4184 et
750 4131 886 4185 consulum
906 4133 1013 4186 nomina
1029 4133 1142 4189 secundo
1159 4149 1221 4189 caen
1237 4133 1346 4202 scripta,

122 4214 152 4267 et
174 4214 329 4282 quaestores
352 4216 413 4281 post
434 4228 490 4280 eos,
515 4214 561 4283 qui
578 4213 724 4270 ‘scribendo
741 4215 900 4282 adfuerunt,
924 4217 1067 4286 subscripti
1088 4221 1160 4273 sunt.
1182 4218 1264 4286 -.5)
1282 4217 1300 4273 i.
1323 4235 1344 4273 e.

123 4296 222 4352 Lucilii
238 4297 358 4352 Africani
375 4297 444 4352 infra
461 4298 598 4354 nominati.
617 4327 652 4339 -
669 4301 695 4366 6)
712 4299 730 4354 i.
749 4316 771 4354 e.
789 4301 967 4367 possessiones
984 4305 1013 4358 et
1031 4303 1182 4367 latifundia,
1204 4303 1232 4357 in
1250 4302 1346 4372 quibus

121 4383 155 4435 ut
171 4381 305 4438 nundinas
323 4381 421 4437 habere
438 4382 492 4437 sibi
508 4383 709 4452 permitteretur
725 4384 848 4453 petierat.
866 4416 900 4426 —
917 4388 942 4455 7)
960 4388 980 4445 i.
998 4379 1021 4442 e'.
1039 4389 1067 4442 in
1084 4387 1157 4442 cuma
1169 4388 1285 4444 Hostilia
1303 4390 1347 4444 vel

121 4465 195 4520 lulis
213 4465 242 4520 in
258 4467 365 4522 comitio
381 4466 484 4535 positis.
502 4467 543 4523 Cf.
561 4484 640 4537 supra
658 4467 710 4523 So.
728 4469 754 4534 I,
770 4473 796 4535 4,
814 4485 838 4526 o.
854 4474 886 4525 4.·
901 4468 944 4528 ‘ev
961 4473 1103 4545 κομετὶῳ.’

173 4549 263 4604 Battus,
275 4551 356 4593 Fontes
368 4551 431 4595 iuris.
445 4551 484 4594 ud.
497 4551 538 4593 ΠΙ.
1122 4559 1161 4611 m
