2916 4860
529 355 624 411 Edicto
639 357 798 428 prnetprum.
1213 354 1274 421 157

133 529 176 614 (2.
201 529 292 596 Bo44.
315 550 413 613 poss.
440 533 684 612 eopnatorum
705 532 735 594 44
759 526 971 607 4444449444.
1020 525 1057 593 U.
1075 530 1206 591 46-48,
1230 527 1274 592 D.

85 641 100 713 τ,
125 637 156 699 4.
181 630 243 714 44.)

136 734 187 801 Ut
218 752 262 798 ex
284 732 438 814 legibus
466 730 580 797 seve
600 733 632 810 b.
652 750 684 813 p.
708 732 832 796 detur.
884 729 942 796 Uti
969 749 1019 794 me
1047 748 1177 813 quoque
1202 731 1275 812 lege

85 855 130 901 444
132 840 226 900 44444
244 833 390 901 consulto
407 835 563 899 bonorum
575 833 810 915 possessionem
830 832 906 896 dare
926 836 1020 913 oport
1006 830 1099 912 t,ebit
1118 832 1165 896 444
1183 831 1276 898 dubo.

85 939 183 1002 4,.49
206 937 250 1002 D.
273 939 326 1014 38,
350 939 400 1014 14,
425 936 467 1018 1.)

139 1037 439 1122 (Successoriuon
461 1037 567 1102 44444
554 1042 636 1101 4.4444
684 1035 781 1116 Quis
802 1035 896 1100 4444
918 1035 1002 1100 4444.
1017 1056 1052 1116 p.
1078 1041 1244 1101 44444444

85 1143 173 1204 .49.
200 1139 243 1205 1).
266 1143 319 1218 38,
344 1142 374 1202 9.
398 1137 463 1220 15.)

136 1242 190 1308 De
223 1241 497 1307 testamentis.
541 1238 610 1323 (De
641 1239 931 1305 condicionibus
968 1239 1276 1319 4444444444444444,

85 1343 346 1426 44444444444
369 1348 446 1407 4444
450 1363 504 1405 444
514 1363 561 1407 444
571 1343 634 1420 444,
658 1341 702 1407 44
724 1341 870 1406 omisso
892 1360 1006 1407 444444
1035 1342 1276 1409 testamenti.

85 1445 165 1510 ’..59
185 1446 227 1510 D.
247 1448 366 1524 98,7,·
386 1446 441 1522 99,
464 1443 573 1526 3-5.)

136 1547 318 1633 Delegut
304 1546 380 1612 tis²
426 1545 484 1626 (U.
506 1548 556 1610 51.
580 1545 624 1609 D.
647 1548 699 1623 30,
722 1548 779 1624 71;
801 1549 853 1623 36,
876 1544 924 1626 4.)

138 1649 192 1714 De
220 1647 350 1728 operis
372 1649 459 1712 novi
480 1647 755 1712 nuntiatione3
802 1643 860 1727 (U.
881 1649 934 1711 52.
957 1645 1002 1711 D.
1024 1645 1193 1728 39,1,1.)

139 1749 194 1814 De
231 1750 367 1814 damno
399 1748 554 1815 44414444.
597 1747 715 1812 Damni
742 1745 854 1813 iniecti
882 1766 941 1813 suo
969 1748 1098 1813 nomine
1128 1749 1276 1830 promitti

85 1852 156 1916 ieno
186 1851 340 1916 satisderi
361 1849 479 1917 iubebo
501 1851 541 1931 ei,
564 1850 619 1932 qui
641 1849 806 1929 iuraverit,
829 1867 895 1914 non
916 1848 1094 1915 calumniae
1119 1867 1217 1915 44444
1244 1850 1278 1915 id

112 1953 292 2035 postulare,
315 1969 443 2032 eumve,
473 1951 566 2017 ouius
587 1951 716 2016 nomine
738 1954 828 2032 aget,
859 1950 1100 2034 postulaturum
1122 1949 1223 2017 fuisse
1245 1953 1278 2017 in

85 2074 123 2119 m
157 2054 255 2133 diem,
288 2071 384 2135 quam
414 2071 514 2119 44444
541 2054 669 2134 cognita
634 2057 847 2119 statuero.
893 2052 927 2118 Si
955 2054 1174 2119 controversia
1205 2054 1278 2134 erit,

85 2155 201 2221 ominus
227 2155 281 2235 sit,
303 2172 411 2234 neone,
428 2155 491 2240 qui
511 2154 652 2220 cavebit:
676 2154 736 2219 sub
764 2160 877 2235 except
878 2156 950 2220 ione
977 2159 1028 2242 444
1014 2154 1131 2221 44444444
1152 2156 1278 2222 iubebo.

85 2276 166 2323 444
190 2275 300 2338 opere,
323 2257 440 2337 quod
431 2276 466 2321 111
486 2254 618 2321 flumine
640 2255 769 2337 publico
791 2258 902 2337 ripaue
929 2259 1000 2322 eius
1020 2255 1090 2337 fiet,
1063 2257 1156 2322 tin
1178 2276 1279 2323 annos

85 2378 162 2426 44444
180 2363 233 2424 444
219 2358 334 2423 44441444
347 2357 474 2423 iubebo.
494 2357 588 2438 Eum,
604 2357 693 2423 ouiit
695 2376 790 2423 enon
809 2357 935 2423 cavebit
921 2364 985 2439 t,ur
999 2359 1033 2422 in
1046 2360 1279 2440 possessionem

85 2480 121 2527 us
157 2460 216 2539 rei,
250 2460 341 2526 ouius
362 2459 490 2524 nomine
521 2464 560 2525 ut
590 2463 743 2525 44444444
776 2459 1043 2541 postulabitur,
1034 2478 1096 2542 ne,
1128 2467 1174 2541 44,
1206 2481 1279 2527 oum

87 2567 141 2628 444
167 2579 266 2627 44444
292 2578 363 2628 4444
389 2561 563 2641 videbitur,
586 2561 686 2626 etiam
712 2563 877 2644 possidere
900 2561 1028 2628 iubebo.
1060 2562 1099 2628 In
1116 2581 1200 2643 enm,
1224 2565 1279 2646 qui

85 2682 157 2746 tque
191 2663 323 2743 caverit,
345 2680 450 2745 neque
472 2663 506 2728 in
528 2664 729 2744 possessione
752 2682 831 2743 esse,
854 2681 960 2744 neque
977 2665 1142 2744 possidere
1165 2684 1279 2746 pessus

85 2766 124 2846 44,
148 2764 302 2855 indicium
325 2763 424 2831 dabo.-
445 2768 483 2830 nt
504 2768 634 2830 tantum
656 2770 810 2846 praestet,
835 2769 994 2847 quantum
1016 2770 1184 2846 praestare
1205 2786 1278 2832 eum

85 2870 229 2945 44444444,
266 2866 295 2931 44
325 2866 365 2930 de
396 2884 435 2931 44
458 2884 493 2931 44
515 2884 555 2930 ex
578 2867 707 2932 decreto
729 2885 814 2947 meo,
843 2867 968 2948 eiusve,
1002 2868 1094 2932 cuius
1120 2868 1160 2933 de
1183 2887 1221 2932 44
1243 2887 1278 2933 44

85 2968 236 3034 ,4444144444
261 2965 338 3047 1444,
361 2985 444 3048 quoe
466 2985 538 3033 44444
560 2971 624 3048 444,
648 2972 778 3034 cantum
800 2967 925 3032 fuisset.
968 2968 1049 3033 Eius
1071 2970 1120 3034 rei
1140 2971 1277 3050 nomine,

109 3071 201 3135 cuius
223 3069 458 3149 possessionem
487 3069 613 3150 misero,
644 3069 672 3134 si
698 3072 739 3137 ab
763 3088 814 3150 eo,
847 3068 959 3152 quiin
980 3071 1178 3150 possessione
1206 3072 1277 3151 erit,

85 3172 163 3238 unni
184 3169 299 3236 iniecti
316 3171 444 3236 nomine
465 3189 529 3236 non
547 3170 774 3237 setisdobitur:
798 3190 881 3252 eum,
904 3172 955 3236 eui
973 3189 1036 3236 non
1055 3171 1276 3252 satisdabitur,

85 3275 150 3339 mul
173 3273 205 3336 in
228 3273 436 3353 possessione
460 3291 529 3339 esse
551 3273 678 3338 iubebo.
715 3272 771 3356 (U.
793 3276 844 3338 53.
867 3272 912 3338 D.
934 3276 986 3350 39,
1005 3277 1039 3352 9,
1060 3278 1082 3337 7
1100 3273 1167 3356 pr.)

141 3376 196 3441 De
219 3392 318 3455 equo
341 3373 477 3454 pluvia
499 3374 696 3439 arcenda4.
741 3375 795 3453 (U.
816 3378 867 3439 53.
886 3375 931 3439 D.
954 3378 1005 3453 39,
1024 3378 1054 3453 3,
1079 3375 1122 3457 1.)

142 3477 196 3540 De
217 3474 374 3540 liberali
393 3493 519 3541 444444.
556 3474 590 3540 Si
608 3479 682 3540 cont
683 3477 826 3542 roversie
845 3477 917 3556 erit,
936 3483 1047 3541 utrum
1066 3495 1104 3542 ex
1122 3477 1277 3544 servitute

85 3578 297 3644 libertatem
318 3582 410 3658 petet
413 3596 460 3657 ur,
485 3595 527 3642 444
551 3596 589 3643 ox
606 3577 739 3644 libertat
688 3579 813 3645 ttein
831 3579 931 3644 servit
917 3577 1104 3659 4,,.4444445
1122 3581 1204 3661 .(.U
1226 3583 1277 3646 54.

85 3682 101 3744 t.
124 3679 171 3745 D.
193 3683 245 3758 40,
268 3683 321 3759 19,
344 3680 436 3743 1-7,
455 3676 593 3761 8-99.)

138 3781 195 3845 De
218 3780 473 3863 publicanis⁶.
527 3778 620 3857 Quod
642 3781 833 3864 publicanus
860 3780 1040 3866 (8044'448447)
1064 3783 1132 3849 eius
1155 3783 1278 3864 publici

85 3959 258 3971 -.-——-—

122 4065 350 4132 1)]198539
360 4069 410 4119 33
426 4065 494 4121 ‘Gai
512 4066 529 4122 l.
548 4066 571 4122 I.
588 4066 668 4121 IIde
686 4070 792 4122 4444444
810 4067 844 4121 ad
863 4067 904 4122 ed
922 4085 961 4137 pr.
980 4069 1045 4126 urb.¹
1056 4068 1226 4138 2)]130
1234 4071 1277 4124 6.)

85 4155 97 4206 t,
116 4149 254 4205 4444444.
272 4150 331 4204 1.1,
349 4149 384 4206 11.
403 4151 447 4205 III
465 4150 498 4205 de
517 4151 616 4219 legatis
635 4151 1185 4222 444444444444444444’.-3)]).39,
1203 4158 1280 4220 1,9,·

85 4237 124 4294 44,
143 4235 178 4289 ad
197 4235 315 4289 edietum
332 4235 452 4290 urbinum
470 4236 553 4290 titulo
571 4235 635 4290 deo.
653 4252 679 4289 n.
697 4233 858 4304 n.’-4)D.
877 4237 1161 4306 39,3,13:Gei.od
1179 4238 1220 4293 ed.
1238 4255 1278 4307 pr.

86 4320 112 4377 b.
130 4320 214 4376 titulo
231 4320 264 4375 de
281 4336 350 4390 nque
367 4321 403 4389 pl.
421 4319 483 4375 arc?
510 4351 544 4361 -
561 4321 587 4386 5)
606 4321 692 4374 Tituli
709 4321 841 4376 rubricam
860 4322 969 4377 exhibet
987 4323 1048 4378 Gai.
1067 4323 1085 4376 l.
1102 4327 1190 4378 9-11
1207 4323 1234 4378 4.
1251 4330 1279 4389 4.,

85 4409 162 4460 xtum
178 4404 292 4460 Dioclet.
310 4407 339 4458 in
358 4404 386 4459 0.
405 4407 429 4470 7,
446 4408 489 4471 16,
506 4409 552 4475 91,
573 4407 646 4459 teste
664 4405 806 4461 ’1144141444
828 4409 856 4462 in
873 4407 1039 4462 4414441444,
1056 4411 1101 4475 48,
1117 4411 1164 4476 90,
1181 4413 1226 4464 91.
1245 4437 1279 4450 -
1315 4441 1317 4446 ·

107 4488 250 4543 Rubrioem
269 4489 377 4543 exhibet
397 4489 459 4544 Gai.
477 4489 506 4543 in
522 4489 561 4548 D.
578 4493 620 4557 39,
638 4493 663 4554 4,
681 4492 705 4547 5.
723 4522 757 4530 —
775 4492 801 4560 7)
819 4492 918 4546 Inserit
936 4490 1009 4546 nou.
1027 4492 1126 4562 5182.
