2916 4860
115 367 178 431 256
649 365 803 433 Scriptores.

116 537 441 602 Praeiurationes
471 533 578 598 tacere
610 536 764 599 dicuntur
794 536 842 613 bi,
875 536 930 615 qui
962 541 1038 599 ante
1070 536 1153 600 alios
1184 539 1344 618 conceptis

115 641 223 704 verbis
254 640 378 716 iurant;
411 642 485 717 post
518 654 597 717 quos
628 638 661 699 in
694 638 807 700 eadem
830 637 931 701 verba
953 638 1100 702 iurantes
1122 639 1343 702 tantummodo

118 742 244 805 dicunt:
268 739 363 802 ‘idem
386 738 419 801 in
443 736 512 801 me?
559 737 593 800 P.
615 742 692 802 224.
1155 745 1159 752 ·

116 841 441 921 Praerogativae
466 841 632 903 centuriae
655 841 815 917 dicuntur,
837 845 875 903 ut
897 839 990 904 docet
1013 840 1119 905 Varro
1132 860 1258 922 —,quo
1280 861 1343 905 rus·

120 940 202 1028 [tici]
226 942 372 1018 Romani,
397 941 453 1021 qui
470 942 660 1021 ignorarent
682 941 848 1020 petitores,
872 938 998 1005 16611166
1016 959 1071 1005 666
1090 942 1343 1006 animadvertere

117 1049 263 1126 possent,
287 1043 422 1107 Verrius
439 1041 640 1122 probabilius
658 1042 782 1105 iudicat
805 1059 883 1121 esse,
908 1048 944 1105 ut
967 1060 1039 1105 eum
1057 1047 1167 1106 essent
1186 1043 1342 1124 designati

118 1247 223 1323 nisve,
256 1249 288 1308 et
319 1242 434 1309 fierent
457 1245 558 1309 ceteri
582 1245 804 1325 diligentiores
827 1245 868 1308 ad
891 1243 1045 1326 suffragia
1069 1246 1108 1309 de
1132 1245 1185 1309 bis
1208 1243 1341 1310 ferenda

119 1347 156 1410 F.
178 1350 255 1411 249.

121 1450 244 1513 Praes
263 1451 312 1512 est
329 1449 366 1525 is,
387 1449 442 1529 qui
461 1449 578 1527 populo
597 1466 631 1512 se
650 1448 783 1528 obligat,
803 1449 1089 1528 interrogatusque
1109 1449 1340 1530 amagistram

121 1551 148 1613 si
172 1568 267 1630 praes
290 1551 342 1625 sit,
365 1549 419 1612 ille
442 1549 634 1629 respondet:
657 1567 759 1629 praes.
803 1552 839 1613 P.
862 1552 938 1613 233.
961 1549 1008 1630 (es.
1040 1549 1197 1631 Manceps.)

55 1683 57 1685 ·
120 1651 338 1715 Praeteriti
362 1656 527 1715 senatores
551 1651 714 1732 quondam
736 1651 770 1714 16
793 1652 965 1732 opprobrio
986 1655 1176 1730 nouerant,
1201 1652 1294 1731 quod,
1312 1657 1341 1715 ut

121 1770 215 1833 reges
233 1753 295 1816 sibi
304 1753 458 1832 legebant
468 1752 753 1833 sublegebantque,
767 1770 848 1832 quos
857 1753 891 1815 in
901 1752 1031 1816 oonsilio
1042 1753 1172 1832 publico
1184 1753 1340 1823 haberent.¹

121 1854 169 1917 ita
192 1859 266 1933 post
284 1858 414 1917 exactos
437 1871 490 1916 eos
514 1854 660 1918 consules
683 1872 810 1934 quoque
829 1860 862 1917 et
880 1855 1005 1918 tribunt
1027 1855 1169 1918 militum
1194 1855 1340 1918 consulari

123 1959 285 2044 potestate
308 1955 585 2034 coniunctissimos
608 1956 670 2019 sibi
694 1960 838 2036 quosque
861 1957 1071 2035 patriciorum
1095 1961 1128 2018 et
1148 1956 1267 2020 deinde
1285 1957 1340 2036 ple·

121 2058 265 2122 beiorum
284 2056 445 2138 legebant,
469 2058 569 2121 donec
588 2056 704 2121 Ouinia
722 2057 897 2122 tribunicia
916 2057 1098 2136 intervenit,
1120 2077 1187 2138 qua
1205 2063 1340 2122 sanctum

123 2164 190 2237 est,
222 2163 259 2221 ut
290 2176 437 2222 censores
469 2177 507 2222 ex
539 2159 625 2221 omni
648 2158 759 2222 ordine
783 2160 939 2240 optimum
964 2177 1125 2241 quemque
1148 2160 1298 2223 curiatim
1316 2160 1341 2222 io

124 2263 272 2322 senatum
286 2259 451 2339 legerent3
476 2278 538 2339 quo
557 2257 679 2322 factum
703 2265 761 2333 661,
785 2266 822 2322 61
842 2261 896 2340 qui
914 2262 1085 2340 praeteriti
1105 2265 1216 2325 essent
1235 2265 1268 2325 et
1284 2262 1342 2325 1666

123 2361 212 2438 moti,
236 2360 434 2424 haberentur
455 2361 668 2440 ignominiosi.
715 2360 752 2422 F.
774 2364 850 2424 246.

124 2461 288 2524 Praetor
319 2462 361 2524 ad
392 2467 518 2541 portam
549 2480 633 2525 nunc
656 2463 819 2526 salutatur
847 2464 895 2543 16,
931 2464 987 2544 qui
1018 2464 1051 2527 in
1074 2465 1274 2543 provinciam
1296 2481 1342 2544 pro

125 2568 277 2643 praetore
300 2568 359 2626 aut
380 2564 591 2643 proconsule
614 2564 695 2641 exit3
719 2565 811 2628 euius
829 2565 877 2627 rei
899 2583 1019 2627 morem
1039 2565 1087 2627 ait
1105 2562 1208 2629 fuisse
1226 2564 1343 2630 Cincius

55 2681 57 2685 ⁴
111 2660 169 2708 ’-
191 2664 306 2753 talem:
337 2664 477 2728 Albanos
499 2682 608 2728 rerum
630 2665 751 2745 potitos
774 2684 877 2746 usque
900 2666 941 2729 ad
964 2665 1092 2730 Tullum
1116 2685 1243 2748 regem3
1273 2667 1343 2731 Alba

127 2766 242 2830 deinde
269 2767 378 2830 diruta
407 2785 508 2848 usque
539 2767 581 2830 ad
602 2766 637 2829 P.
661 2767 803 2831 Decium
825 2767 951 2830 Murem
974 2785 1035 2830 cos.
1060 2768 1200 2848 populos
1224 2768 1344 2832 Latinos

127 2868 169 2932 ad
187 2874 285 2950 66661
302 2867 507 2947 Ferentinae,
527 2869 612 2950 quod
632 2874 682 2932 est
697 2868 756 2932 sub
775 2874 883 2933 monte
902 2868 1037 2946 Albano,
1057 2869 1227 2934 consulere
1246 2871 1344 2934 solitos

126 2973 158 3032 et
181 2970 352 3050 imperium
377 2971 537 3035 communi
561 2971 692 3034 consilio
711 2971 947 3034 administrare.
971 2971 1088 3050 ltaque
1107 2990 1173 3052 quo
1192 2971 1343 3036 6666116·

126 3089 236 3135 manos
259 3072 472 3151 imperatores
496 3071 537 3134 ad
561 3059 737 3135 exereitum
759 3072 889 3136 mittere
912 3077 1076 3153 oporteret
1103 3072 1197 3137 iussu
1219 3073 1343 3138 nominis

125 3172 253 3252 Latini,
286 3174 466 3252 complures
501 3173 680 3254 (66661662)
710 3178 836 3237 nostros
858 3174 891 3237 in
915 3172 1075 3255 Capitolio
1099 3193 1119 3238 a
1143 3175 1212 3240 sole
1235 3176 1344 3240 oriente

125 3276 265 3355 66661616
287 3293 419 3355 operam
442 3274 518 3338 dare
542 3273 661 3338 solitos.
693 3274 758 3339 Ubi
773 3294 848 3339 aves
866 3276 1075 3354 addixissent,
1094 3276 1236 3341 militem
1255 3277 1342 3347 illum,

127 3378 183 3458 qui
206 3396 225 3440 6
249 3377 407 3440 communi
430 3376 525 3440 Latio
557 3377 673 3439 missus
696 3380 797 3454 esset,
829 3376 919 3440 illum
942 3395 1038 3458 quem
1062 3395 1138 3442 aves
1163 3380 1342 3444 addixerant

126 3484 308 3558 praetorem
321 3479 465 3542 salutare
484 3478 624 3556 solitum,
645 3479 699 3559 qui
719 3496 791 3542 eam
810 3480 1007 3558 provinciam
1022 3479 1187 3544 obtineret
1199 3479 1343 3561 praetoris

126 3580 261 3644 nomine.
308 3580 344 3644 F.
367 3585 441 3644 241.
596 3588 598 3593 ’

127 3682 282 3746 Priscae
312 3682 449 3746 Latinae
482 3682 624 3747 coloniae
656 3683 840 3762 appellatae
873 3687 958 3762 sunt,
992 3688 1029 3746 61
1063 3683 1340 3766 distinguerenta

126 3785 227 3864 novis,
251 3802 333 3865 quae
356 3789 469 3863 postea
492 3803 511 3847 a
533 3784 652 3865 populo
676 3784 849 3849 dabantur.
892 3783 930 3847 F.
952 3789 1027 3848 241.

126 3887 255 3951 Prisci
283 3885 393 3949 Latini
414 3919 457 3929 —
478 3885 527 3960 hi,
558 3887 614 3967 qui
644 3887 834 3966 priusquam
867 3887 1060 3951 conderetur
1082 3888 1188 3953 Roma
1216 3887 1341 3954 fuerunt.

126 3988 161 4053 P.
183 3994 260 4053 226.

128 4087 303 4176 [Privato
322 4086 464 4176 sarapta]
483 4109 517 4154 se
536 4090 668 4154 alebant
686 4084 815 4173 mili[tes
832 4088 980 4168 Romani,
997 4095 1168 4173 antequam
1182 4083 1340 4174 stipendio]

126 4199 344 4272 mererentur,
378 4192 463 4273 quod
492 4191 524 4254 in
547 4186 781 4275 [conseretodtoe
809 4193 926 4256 mansit
947 4213 1050 4273 poene
1076 4189 1129 4278 od]
1154 4194 1189 4259 id
1218 4200 1340 4273 tempus,

127 4296 212 4375 quod
234 4294 297 4359 fuit
315 4290 423 4379 paullo
439 4299 510 4358 onte
525 4314 619 4374 quom
640 4292 741 4357 Romo
761 4289 849 4378 urbs]
869 4299 963 4374 66616
985 4299 1034 4357 661
1053 4314 1073 4359 6
1090 4293 1204 4375 Gallis,
1228 4290 1278 4382 [66
1293 4309 1340 4375 quo

127 4397 196 4460 sine
216 4389 760 4479 661116661166611616]111166666
783 4393 915 4461 fiebant.
960 4395 996 4459 F.
1019 4399 1096 4459 234.
