2916 4860
150 310 187 362 Vl

238 447 349 518 Finem
374 446 558 527 praefandis
581 447 687 513 facere
710 468 772 514 non
795 469 936 530 possum,
960 451 1022 516 nisi
1045 457 1081 516 ut
1106 455 1228 533 gratias
1251 456 1381 537 publice

153 567 397 648 agamprimum
408 573 707 640 Thmommseno,
719 569 860 651 collegae
872 570 1076 649 amicissimo,
1096 573 1150 652 qui
1170 573 1201 636 in
1220 572 1279 638 hac
1298 577 1380 639 utin

154 685 263 766 priore
290 686 430 750 editione
464 687 596 751 consilio
628 693 660 751 et
692 707 752 768 ope
784 687 919 752 ferenda
950 707 1002 752 me
1030 690 1182 754 adiuuare
1215 678 1378 774 nunquam

151 802 291 882 destitit,
319 810 387 868 tum
415 805 523 869 iuveni
546 807 766 887 ornatissimo,
799 813 915 871 Herm.
939 814 1146 882 oldenborg,
1171 811 1294 874 doctori
1317 813 1377 892 ph,

149 922 312 1004 philologo
324 924 518 1003 doctissimo,
535 925 624 988 cuius
645 943 705 1005 ope
725 925 910 1007 auxilioque
933 927 965 990 in
980 931 1048 991 toto
1072 946 1167 1007 opere
1187 927 1378 1008 perficiendo

158 1059 237 1105 usus
260 1059 329 1105 sum
352 1042 384 1104 in
409 1043 521 1121 quavis
544 1062 578 1106 re
606 1062 644 1106 ex
675 1049 745 1108 arte
756 1043 948 1125 philologica
972 1047 1190 1125 diiudicanda,
1213 1052 1250 1110 ut
1278 1049 1405 1127 totius*
1430 1108 1434 1114 ,

155 1161 262 1241 operis
286 1160 379 1240 quasi
403 1161 521 1225 socium
546 1161 773 1243 philologicum
797 1181 859 1227 non
882 1165 1001 1241 possim
1025 1166 1101 1246 quin
1124 1163 1284 1246 profitear.

238 1327 356 1410 Scripsi
381 1335 535 1390 Berolini
557 1349 665 1395 mense
689 1330 821 1396 Octobri
843 1351 871 1395 a.
896 1331 1171 1397 MDCCCLXXV.

320 1819 370 1872 EX
399 1819 694 1874 PRAEFATIONE
720 1819 946 1874 EDITIONIS
974 1820 1201 1875 SECUNDAE.
1235 1789 1239 1802 Ι

269 2067 310 2162 ln
337 2095 525 2178 adornanda
549 2096 643 2160 huius
666 2095 862 2160 collectionis
876 2111 958 2158 nova
972 2093 1112 2158 editione
1126 2094 1243 2175 prioris
1266 2094 1381 2160 funda·

154 2220 274 2294 menta,
309 2233 368 2279 usu
400 2216 616 2295 comprobata,
649 2216 818 2279 retinenda
856 2213 982 2292 censui;
1018 2218 1160 2278 celerum
1191 2214 1224 2277 id
1247 2216 1312 2295 egi,
1344 2221 1383 2280 ut

154 2332 304 2398 addendo
336 2339 369 2397 et
400 2334 599 2398 emendando
631 2334 724 2414 quasi
756 2334 907 2397 manuale
939 2333 1100 2413 quoddam
1130 2330 1268 2396 fontium
1300 2334 1382 2399 iuris

153 2452 280 2533 antiqui
312 2471 415 2533 usque
444 2454 484 2517 ad
518 2453 681 2517 saeculum
714 2453 848 2517 tertium
879 2471 909 2532 p.
942 2451 1014 2516 Chr.
1046 2472 1074 2516 n.
1107 2470 1189 2516 nunc
1220 2469 1381 2528 pararem.

154 2571 285 2635 Retinui
309 2572 410 2652 igitur
432 2573 530 2635 trium
558 2573 701 2650 partium
725 2572 985 2652 dispositionem:
1012 2571 1135 2651 legum,
1166 2571 1382 2651 negotiorum,

153 2690 356 2771 scriptorum.
404 2689 523 2755 Earum
554 2695 662 2755 autem
690 2691 721 2753 in
746 2690 896 2770 primam,
921 2693 1051 2768 praeter
1080 2690 1189 2770 legum
1209 2690 1383 2770 regiarum

157 2816 189 2874 et
212 2809 275 2874 llll
299 2810 484 2875 tabularum
512 2810 675 2890 reliquias,
705 2827 788 2872 nunc
814 2808 917 2889 leges,
941 2825 1026 2885 quae
1049 2808 1178 2889 proprie
1202 2809 1247 2872 sic
1270 2809 1381 2888 appel-

151 2929 314 3009 labantur,
338 2947 447 2994 omnes
475 2929 601 2992 omnino
634 2927 751 3006 recepi,
782 2933 917 3006 quarum
953 2927 1052 2991 verba
1084 2927 1221 3006 genuina
1252 2932 1308 2990 aut
1330 2927 1381 2989 in-

157 3048 386 3128 scriptionibus
410 3053 468 3111 aut
490 3046 582 3112 libris
608 3045 699 3110 nobis
723 3050 799 3110 sunt
821 3045 961 3126 prodita,
986 3049 1022 3108 ut
1044 3062 1107 3108 nno
1130 3045 1222 3125 quasi
1252 3046 1284 3107 in
1309 3063 1382 3121 con·

88 3182 92 3188 ’
154 3173 269 3245 spectu
299 3166 439 3247 perspici
477 3171 575 3246 atque
605 3167 690 3230 inter
722 3184 756 3229 se
786 3164 967 3246 comparari
1005 3163 1144 3242 possint3
1182 3162 1383 3242 eandemque

156 3291 286 3350 secutus
296 3285 453 3349 rationem
477 3290 510 3348 et
533 3289 664 3348 senatus
680 3285 826 3348 consulta
840 3283 954 3361 omnia,
979 3300 1063 3362 quae
1087 3279 1129 3344 ad
1143 3280 1193 3344 ius
1208 3281 1381 3360 pertinent,

157 3402 270 3467 adieci.
315 3404 342 3466 E
375 3404 491 3468 ceteris
520 3408 651 3468 senatus
682 3402 837 3466 consultis
872 3402 1016 3481 itemque
1046 3419 1085 3463 ex
1108 3400 1223 3463 edictis
1245 3398 1382 3464 foederi-

157 3523 219 3586 bus
251 3522 429 3603 privilegiis
468 3522 594 3587 nonnisi
613 3521 804 3602 gravissima
828 3537 984 3601 quaeque,
1017 3520 1138 3584 artiore
1160 3519 1287 3582 vinculo
1311 3537 1382 3582 cum

158 3642 229 3705 inre
252 3641 431 3719 coniuncta,
455 3641 571 3722 recepi.

242 3760 323 3823 Pars
346 3759 488 3823 secunda
511 3759 618 3824 omnia
641 3775 725 3823 nunc
749 3761 893 3823 eontinet
915 3760 1062 3840 negotia,
1090 3776 1174 3838 quae
1201 3756 1383 3835 inscriptio-

156 3879 253 3944 nibus
286 3879 377 3943 nobis
409 3879 530 3943 tradita
559 3886 762 3961 subtusque
794 3880 835 3943 ad
868 3878 1033 3943 saeculum
1075 3878 1216 3940 tertium.
1263 3875 1384 3939 Addita

157 4005 235 4064 sunt
258 3999 421 4075 nonnulla,
455 4015 537 4080 quae
560 4000 592 4063 in
624 3999 730 4063 titulis
762 3997 998 4078 sepulcralibus
1029 3998 1069 4061 ad
1102 3998 1152 4060 ius
1189 3995 1384 4075 negotiaque

157 4118 264 4182 civilia
287 4123 444 4198 spectant.

246 4237 358 4302 Tertia
389 4256 465 4317 pars
490 4244 579 4301 certa
602 4237 729 4301 ratione
757 4236 917 4316 certisque
944 4232 1062 4298 finibus
1090 4233 1308 4299 circumscribi
1333 4234 1383 4295 vix

159 4362 298 4438 potest·
326 4355 507 4437 Scriptores
531 4356 609 4419 iuris
633 4355 795 4420 consultos
818 4353 947 4418 omnino
970 4354 1075 4431 omisi,
1108 4372 1179 4417 cum
1208 4353 1384 4432 separatim
