2916 4860
614 401 718 456 Festus,
1217 406 1278 469 241

48 580 109 639 aut
139 575 177 653 ii,
208 574 263 656 qui
292 573 428 639 aliorum
457 571 539 638 fiunt
562 575 708 653 dominii,
739 592 875 655 quorum
905 582 1080 658 utrumque
1102 574 1138 640 fit
1160 577 1280 640 manci-

48 677 192 758 patione.
239 675 272 738 P.
295 681 344 739 77.

47 778 198 857 Emere,
214 778 392 857 quodnunc
402 782 451 841 est
461 777 607 855 mereari,
620 778 745 857 antiqui
755 780 956 859 accipiebant
967 798 1024 860 pro
1036 797 1170 844 sumere.
1186 778 1277 843 P76.

49 880 336 961 Endoplorato,
356 879 537 959 implorato,
555 879 639 959 quod
656 885 704 943 est
721 898 791 944 cum
813 882 980 961 questione
1000 880 1182 944 inclamare.
1216 881 1279 944 lin-

49 982 181 1062 plorare
199 999 338 1061 namque
357 985 407 1044 est
434 1000 503 1045 curn
522 980 601 1045 fletu
618 999 744 1063 rogare,
765 985 849 1063 quod
869 988 917 1047 est
936 983 1067 1063 proprie
1085 983 1279 1062 vapulantis.

50 1082 86 1147 P.
109 1087 159 1145 77.

50 1185 161 1248 Endo
184 1185 402 1264 procinctu,
425 1182 458 1246 in
482 1183 664 1263 procinctu:
688 1183 849 1266 significat
869 1191 987 1266 autem,
1012 1204 1084 1250 cum
1103 1204 1141 1249 ex
1161 1185 1277 1250 eastris

52 1286 85 1349 in
109 1286 267 1367 proelium
291 1286 411 1350 exitum
434 1289 493 1364 est,
517 1285 708 1365 procinctos,
732 1288 826 1367 quasi
845 1288 1047 1367 praecinctos
1066 1291 1164 1368 atque
1183 1304 1278 1367 expe-

52 1389 153 1466 ditos;
171 1406 247 1451 nam
267 1387 355 1466 apud
373 1388 524 1468 antiquos
543 1388 626 1467 togis
645 1389 777 1452 incincti
793 1390 984 1470 pugnitasse
1001 1372 1161 1453 dicuntur.
1182 1386 1213 1449 P
1228 1392 1277 1451 77.

50 1488 249 1569 Equestre
273 1507 353 1567 ees,
378 1490 464 1569 quod
487 1489 590 1570 equiti
613 1489 763 1553 dabatur.
809 1489 844 1552 P.
868 1494 919 1553 81⁸.

50 1590 209 1654 Eretum
232 1591 427 1670 citumque
451 1588 487 1653 fit
505 1592 590 1654 inter
606 1596 779 1670 consertae,
799 1596 835 1655 ut
851 1593 883 1655 in
896 1593 988 1656 libris
998 1591 1107 1673 legum
1117 1591 1278 1655 Romana·

50 1711 124 1755 rum
142 1692 272 1772 legitur.
297 1692 431 1755 Eretum
442 1710 461 1754 a
474 1693 647 1756 coercendo
657 1693 842 1772 dictum,-
854 1694 1033 1757 eitum-a
1045 1692 1165 1757 ciendo.
1176 1690 1276 1754 Rea

51 1793 160 1856 Escit
184 1793 254 1857 erit.
300 1792 342 1856 P..
356 1799 405 1856 77.
450 1793 536 1874 (ΧΠ,
555 1805 580 1864 5,
598 1805 623 1855 4.
642 1806 666 1854 5.
685 1805 708 1854 7.
727 1801 832 1855 ecooeu
849 1796 906 1877 ee.)

51 1894 282 1959 Everriator
301 1902 444 1974 vocatur,
462 1898 517 1977 qui
536 1900 606 1962 iure
627 1903 759 1978 accepta
778 1889 980 1962 haereditate
998 1898 1084 1960 iusta
1101 1893 1206 1959 faeere
1225 1895 1278 1958 de-

53 1994 168 2060 funeto
191 1997 304 2061 debet:
326 1998 381 2078 qui
404 1999 431 2061 si
454 2017 517 2063 non
539 1997 661 2076 fecerit,
681 2017 738 2062 seu
758 2001 836 2079 quid
854 2000 885 2062 in
904 2017 941 2063 ea
960 2016 995 2062 re
1013 1997 1204 2075 turbaverit,
1222 2015 1280 2060 suo

54 2098 162 2179 capite
185 2099 264 2162 luat.
310 2099 347 2162 ld
369 2117 484 2164 nomen
507 2100 639 2164 ductum
664 2119 683 2164 a
705 2101 875 2178 verrend03
906 2119 981 2165 nam
1001 2092 1177 2163 ‘exverrae'
1203 2102 1280 2161 suut

52 2201 208 2282 purgatio
227 2200 386 2280 quaedam
406 2200 528 2280 domus,
548 2218 586 2264 ex
605 2220 668 2281 qua
684 2207 832 2266 mortuus
852 2202 893 2266 ad
910 2202 1109 2283 sepulturam
1128 2199 1280 2264 ferendus

51 2307 113 2380 est,
130 2320 212 2382 quae
227 2299 264 2364 fit
282 2319 341 2382 per
356 2302 586 2366 everriatorem
604 2307 693 2367 certo
704 2322 822 2384 genere
833 2321 1001 2384 scoparum
1013 2302 1168 2367 adhibito.
1187 2301 1279 2365 Per.

51 2404 152 2466 Exro
162 2421 182 2484 g
192 2421 255 2467 are
270 2407 320 2466 est
330 2421 368 2466 ex
377 2404 448 2485 lege
458 2408 567 2467 vetere
579 2403 703 2485 aliquid
714 2406 852 2469 eximere
863 2423 921 2485 per
930 2424 1045 2469 novam
1055 2406 1169 2485 legem.
1180 2402 1215 2466 P.
1224 2407 1279 2466 82.

52 2504 266 2568 Extrarius
289 2509 349 2583 est,
374 2506 430 2585 qui
454 2509 547 2569 extre
569 2504 674 2569 focum
699 2513 937 2571 sacramentum
960 2509 1073 2587 iusque
1092 2507 1144 2570 sit.
1176 2508 1213 2566 P.
1228 2508 1278 2569 78.

51 2605 221 2670 Familia
253 2611 350 2670 antea
380 2607 413 2670 in
444 2607 554 2672 liberis
577 2606 760 2671 hominibus
783 2608 967 2689 dicebatur,
1000 2627 1137 2688 quorum
1160 2608 1223 2671 dux
1247 2612 1280 2670 et

51 2708 203 2788 princeps
227 2709 354 2788 generis
376 2708 556 2773 vocabatur
578 2713 675 2789 pater
698 2718 732 2773 et
750 2716 855 2775 mater
873 2709 1029 2787 familiae;
1053 2709 1138 2772 unde
1158 2706 1279 2771 familie

51 2808 207 2873 nobilium
229 2808 468 2890 Pompiliorum,
490 2809 701 2884 Valeriorum,
719 2810 948 2875 Corneliorum.
983 2809 1027 2873 Et
1046 2808 1279 2886 familiares,

52 2930 87 2976 ex
121 2910 234 2975 eadem
264 2909 399 2975 familia.
452 2911 570 2976 Postea
602 2911 662 2976 hoc
694 2913 821 2976 nomine
854 2913 950 2977 etiam
982 2910 1094 2975 famuli
1118 2909 1278 2989 appellari

53 3018 239 3094 coeperunt.
284 3012 320 3077 P.
343 3017 395 3077 86.
565 2999 569 3006 ’
829 3065 832 3071 .
871 3057 874 3061 -

51 3115 204 3179 Famuli
228 3117 317 3196 origo
340 3116 381 3181 ab
407 3114 498 3179 Oscis
522 3104 692 3196 dependet,
710 3119 799 3196 apud
817 3136 895 3198 quos
915 3113 1157 3182 servus‘femel’
1176 3115 1278 3183 nomi-

52 3217 224 3297 uebatur,1
253 3218 338 3304 unde
370 3221 403 3281 et
425 3215 547 3281 familia
569 3224 694 3282 vocata.
739 3219 1082 3300 Eamuletinm.quod
1105 3238 1189 3283 nunc
1212 3235 1279 3283 ser-

51 3319 177 3383 vitium.
223 3317 259 3382 P.
282 3323 333 3384 87.

53 3420 262 3501 Ferreum,
287 3439 388 3501 genus
410 3421 467 3485 libi
490 3439 529 3483 ex
552 3417 638 3484 farre
660 3418 791 3484 factum.
837 3424 874 3484 P.
897 3423 966 3485 88.2

51 3522 188 3587 Fastis
211 3523 323 3588 diebus
346 3523 489 3587 iucunda
511 3522 699 3599 (iaride'coPJ
724 3519 786 3585 fari
808 3521 937 3600 licebat,
961 3519 1096 3585 nefastis
1119 3523 1279 3602 quaedam

51 3643 113 3689 non
144 3624 265 3689 licebat
287 3623 359 3689 feri.
404 3623 438 3689 P.
462 3627 513 3687 93.
563 3626 676 3703 (Varro,
696 3629 712 3682 l.
731 3629 748 3683 l.
765 3633 790 3698 6,
807 3633 851 3684 29.
870 3623 927 3705 30.)

49 3726 263 3791 Fastorum
285 3727 361 3791 libri
385 3727 605 3807 appellantur,
624 3727 657 3790 in
677 3727 794 3806 quibus
813 3727 914 3790 totius
933 3725 1010 3789 anni
1027 3722 1064 3787 lit
1082 3723 1281 3806 descriptio.3

46 3827 141 3892 Fasti
166 3827 250 3890 enim
274 3829 343 3892 dies
365 3827 440 3893 festi
464 3833 549 3892 sunt.
595 3827 630 3891 P.
654 3833 706 3893 87.

120 3963 148 4026 1)
166 3960 228 4014 Leuc
246 3959 305 4016 Oce.
323 3962 407 4017 Beni.
425 3979 448 4018 o.
467 3966 513 4018 22.
531 3992 566 4000 —
583 3962 609 4029 2)
624 3961 699 4015 Ple'n.
717 3962 742 4015 b.
760 3978 786 4013 n.
804 3965 848 4023 18,
866 3964 891 4025 3,
910 3963 960 4013 10.-
979 3959 1014 4012 ‘in
1032 3959 1113 4040 sacris
1135 3958 1204 4012 nihil
1218 3957 1278 4010 reli·

45 4047 154 4115 giosins
171 4045 389 4100 confarreationis
408 4048 511 4101 vinculo
529 4049 595 4113 enat,
613 4062 748 4114 novaeque
765 4048 863 4114 nuptae
882 4044 996 4098 laneum
1010 4041 1209 4112 praeferebant'.
1236 4040 1279 4094 (li.

45 4134 271 4199 Gai.1‚112.-
288 4131 315 4198 3)
333 4132 440 4185 ‘Priscis
455 4133 647 4200 *temporibus
665 4136 808 4199 antequam
825 4130 890 4184 fasti
905 4128 977 4186 aCn.
987 4129 1081 4183 Flavio
1090 4124 1280 4180 scribainvitis

44 4219 175 4290 patribus
193 4219 222 4270 in
240 4219 355 4272 omnium
373 4217 501 4272 notitiam
518 4216 699 4284 proderentur,
717 4216 838 4285 pontifici
857 4215 955 4269 minori
972 4215 1038 4268 haec
1055 4211 1189 4280 provincie
1205 4209 1277 4264 dele·

44 4306 178 4376 gebatur,
206 4306 237 4367 nt
255 4319 337 4357 novae
355 4304 434 4356 lunae
451 4303 566 4370 primum
585 4301 735 4354 observaret
750 4304 885 4367 aspectum
904 4301 1039 4367 visamque
1056 4296 1115 4366 regi
1132 4295 1280 4349 sacrificulo

44 4391 204 4454 nuntiaret3
222 4389 322 4456 itaque,
340 4388 468 4442 sacrificio
486 4417 519 4426 —
537 4387 677 4449 celebrato,
695 4385 766 4439 idem
784 4385 902 4454 pontifex
920 4384 1022 4448 calata,
1044 4384 1062 4436 i.
1081 4398 1103 4436 e.
1122 4383 1227 4446 vocata,
1251 4381 1280 4434 in

45 4462 219 4546 Capitolium
243 4473 328 4541 plebe,
350 4504 384 4512 -
406 4475 470 4540 quot
487 4477 600 4526 'numero
623 4470 678 4524 dies
701 4488 716 4524 a
734 4469 855 4524 kalendis
872 4469 906 4523 ad
925 4484 1006 4522 nouas
1025 4469 1202 4535 superessent,
1220 4482 1279 4534 pro·

101 4562 198 4609 Bizone,
210 4558 293 4599 Fontes
305 4557 368 4600 iuris.
395 4557 435 4596 Ed.
448 4555 488 4596 111.
1050 4553 1084 4606 ffi
