<?xml version="1.0" encoding="UTF-8"?>
<!DOCTYPE html PUBLIC "-//W3C//DTD XHTML 1.0 Transitional//EN"
    "http://www.w3.org/TR/xhtml1/DTD/xhtml1-transitional.dtd">
<html xmlns="http://www.w3.org/1999/xhtml" xml:lang="en" lang="en">
 <head>
  <title>
</title>
<meta http-equiv="Content-Type" content="text/html;charset=utf-8" />
  <meta name='ocr-system' content='tesseract 3.04.00' />
  <meta name='ocr-capabilities' content='ocr_page ocr_carea ocr_par ocr_line ocrx_word'/>
</head>
<body>
  <div class='ocr_page' id='page_1' title='image "./fontesiurisroma01brungoog_0305.png"; bbox 0 0 2916 4860; ppageno 0'>
   <div class='ocr_carea' id='block_1_1' title="bbox 647 367 802 435">
    <p class='ocr_par' dir='ltr' id='par_1_1' title="bbox 647 367 802 435">
     <span class='ocr_line' id='line_1_1' title="bbox 647 367 802 435; baseline 0.006 -14"><span class='ocrx_word' id='word_1_1' title='bbox 647 367 802 435; x_wconf 80' lang='lat' dir='ltr'><strong>Scriptores.</strong></span> 
     </span>
    </p>
   </div>
   <div class='ocr_carea' id='block_1_2' title="bbox 442 556 1018 622">
    <p class='ocr_par' dir='ltr' id='par_1_2' title="bbox 442 556 1018 622">
     <span class='ocr_line' id='line_1_2' title="bbox 442 556 1018 622; baseline 0.007 -4"><span class='ocrx_word' id='word_1_2' title='bbox 442 556 470 620; x_wconf 78' lang='lat'>2.</span> <span class='ocrx_word' id='word_1_3' title='bbox 508 558 535 621; x_wconf 89' lang='lat' dir='ltr'>E</span> <span class='ocrx_word' id='word_1_4' title='bbox 558 557 676 622; x_wconf 91' lang='lat' dir='ltr'>libris</span> <span class='ocrx_word' id='word_1_5' title='bbox 700 557 743 621; x_wconf 89' lang='lat' dir='ltr'>de</span> <span class='ocrx_word' id='word_1_6' title='bbox 766 575 809 620; x_wconf 85' lang='lat' dir='ltr'>re</span> <span class='ocrx_word' id='word_1_7' title='bbox 837 558 1018 622; x_wconf 87' lang='lat' dir='ltr'>rustioa.l</span> 
     </span>
    </p>
   </div>
   <div class='ocr_carea' id='block_1_3' title="bbox 117 708 1336 1996">
    <p class='ocr_par' dir='ltr' id='par_1_3' title="bbox 651 708 777 762">
     <span class='ocr_line' id='line_1_3' title="bbox 651 708 777 762; baseline -0.016 -1"><span class='ocrx_word' id='word_1_8' title='bbox 651 710 653 720; x_wconf 75' lang='grc'>”</span> <span class='ocrx_word' id='word_1_9' title='bbox 679 708 738 762; x_wconf 90' lang='lat' dir='ltr'>Lib.</span> <span class='ocrx_word' id='word_1_10' title='bbox 757 708 777 760; x_wconf 94' lang='lat' dir='ltr'>l.</span> 
     </span>
    </p>

    <p class='ocr_par' dir='ltr' id='par_1_4' title="bbox 117 795 1336 1996">
     <span class='ocr_line' id='line_1_4' title="bbox 203 795 1334 876; baseline 0.001 -18"><span class='ocrx_word' id='word_1_11' title='bbox 203 797 232 876; x_wconf 77' lang='lat'>2,</span> <span class='ocrx_word' id='word_1_12' title='bbox 258 796 287 859; x_wconf 83' lang='lat'>9.</span> <span class='ocrx_word' id='word_1_13' title='bbox 311 795 344 860; x_wconf 92' lang='lat' dir='ltr'>C.</span> <span class='ocrx_word' id='word_1_14' title='bbox 373 796 530 860; x_wconf 86' lang='lat' dir='ltr'>Licinium</span> <span class='ocrx_word' id='word_1_15' title='bbox 559 795 722 860; x_wconf 85' lang='lat' dir='ltr'>Stolonem</span> <span class='ocrx_word' id='word_1_16' title='bbox 746 832 787 841; x_wconf 94' lang='lat'>—</span> <span class='ocrx_word' id='word_1_17' title='bbox 808 797 902 871; x_wconf 74' lang='lat' dir='ltr'>uideo</span> <span class='ocrx_word' id='word_1_18' title='bbox 921 795 1177 874; x_wconf 71' lang='lat' dir='ltr'>venir·e,aouius</span> <span class='ocrx_word' id='word_1_19' title='bbox 1208 796 1334 860; x_wconf 91' lang='lat' dir='ltr'>maiores</span> 
     </span>
     <span class='ocr_line' id='line_1_5' title="bbox 119 895 1335 979; baseline -0.002 -15"><span class='ocrx_word' id='word_1_20' title='bbox 119 899 158 964; x_wconf 88' lang='lat' dir='ltr'>de</span> <span class='ocrx_word' id='word_1_21' title='bbox 180 899 274 963; x_wconf 91' lang='lat' dir='ltr'>modo</span> <span class='ocrx_word' id='word_1_22' title='bbox 298 899 369 979; x_wconf 83' lang='lat' dir='ltr'>agri</span> <span class='ocrx_word' id='word_1_23' title='bbox 399 897 503 978; x_wconf 82' lang='lat' dir='ltr'>legem</span> <span class='ocrx_word' id='word_1_24' title='bbox 530 896 689 975; x_wconf 86' lang='lat' dir='ltr'>tulerunt;</span> <span class='ocrx_word' id='word_1_25' title='bbox 714 917 787 962; x_wconf 91' lang='lat' dir='ltr'>nam</span> <span class='ocrx_word' id='word_1_26' title='bbox 812 895 950 962; x_wconf 86' lang='lat' dir='ltr'>Stolonis</span> <span class='ocrx_word' id='word_1_27' title='bbox 969 897 1024 962; x_wconf 91' lang='lat' dir='ltr'>illa</span> <span class='ocrx_word' id='word_1_28' title='bbox 1047 898 1113 976; x_wconf 81' lang='lat' dir='ltr'>len,</span> <span class='ocrx_word' id='word_1_29' title='bbox 1140 915 1224 978; x_wconf 89' lang='lat' dir='ltr'>quae</span> <span class='ocrx_word' id='word_1_30' title='bbox 1247 903 1335 975; x_wconf 84' lang='lat' dir='ltr'>vetat,</span> 
     </span>
     <span class='ocr_line' id='line_1_6' title="bbox 118 986 1334 1082; baseline -0.001 -18"><span class='ocrx_word' id='word_1_31' title='bbox 118 1001 191 1082; x_wconf 92' lang='lat' dir='ltr'>plus</span> <span class='ocrx_word' id='word_1_32' title='bbox 220 999 249 1064; x_wconf 92' lang='lat' dir='ltr'>D</span> <span class='ocrx_word' id='word_1_33' title='bbox 280 1000 393 1081; x_wconf 83' lang='lat' dir='ltr'>iugera</span> <span class='ocrx_word' id='word_1_34' title='bbox 425 986 547 1064; x_wconf 90' lang='lat' dir='ltr'>habere</span> <span class='ocrx_word' id='word_1_35' title='bbox 579 1000 680 1064; x_wconf 83' lang='lat' dir='ltr'>civem</span> <span class='ocrx_word' id='word_1_36' title='bbox 704 1000 884 1064; x_wconf 92' lang='lat' dir='ltr'>Romanum</span> <span class='ocrx_word' id='word_1_37' title='bbox 914 1035 966 1063; x_wconf 87' lang='lat'>—.</span> <span class='ocrx_word' id='word_1_38' title='bbox 997 998 1153 1063; x_wconf 85' lang='lat' dir='ltr'>Eiusdem</span> <span class='ocrx_word' id='word_1_39' title='bbox 1183 999 1290 1080; x_wconf 81' lang='lat' dir='ltr'>gentis</span> <span class='ocrx_word' id='word_1_40' title='bbox 1310 998 1334 1064; x_wconf 92' lang='lat' dir='ltr'>C.</span> 
     </span>
     <span class='ocr_line' id='line_1_7' title="bbox 118 1100 1336 1182; baseline 0 -17"><span class='ocrx_word' id='word_1_41' title='bbox 118 1102 270 1179; x_wconf 72' lang='lat' dir='ltr'>Licinius</span> <span class='ocrx_word' id='word_1_42' title='bbox 303 1100 452 1165; x_wconf 91' lang='lat' dir='ltr'>tribunus</span> <span class='ocrx_word' id='word_1_43' title='bbox 483 1101 587 1181; x_wconf 91' lang='lat' dir='ltr'>plebis</span> <span class='ocrx_word' id='word_1_44' title='bbox 619 1119 691 1165; x_wconf 88' lang='lat' dir='ltr'>oum</span> <span class='ocrx_word' id='word_1_45' title='bbox 724 1107 823 1180; x_wconf 89' lang='lat' dir='ltr'>esset,</span> <span class='ocrx_word' id='word_1_46' title='bbox 857 1104 930 1182; x_wconf 92' lang='lat' dir='ltr'>post</span> <span class='ocrx_word' id='word_1_47' title='bbox 962 1118 1055 1182; x_wconf 82' lang='lat' dir='ltr'>reges</span> <span class='ocrx_word' id='word_1_48' title='bbox 1089 1107 1224 1166; x_wconf 84' lang='lat' dir='ltr'>exactos</span> <span class='ocrx_word' id='word_1_49' title='bbox 1257 1102 1336 1166; x_wconf 90' lang='lat' dir='ltr'>annis</span> 
     </span>
     <span class='ocr_line' id='line_1_8' title="bbox 119 1201 1335 1285; baseline 0 -18"><span class='ocrx_word' id='word_1_50' title='bbox 119 1201 286 1268; x_wconf 84' lang='lat' dir='ltr'>CCCLXV</span> <span class='ocrx_word' id='word_1_51' title='bbox 317 1204 439 1282; x_wconf 88' lang='lat' dir='ltr'>primus</span> <span class='ocrx_word' id='word_1_52' title='bbox 466 1204 621 1283; x_wconf 91' lang='lat' dir='ltr'>populum</span> <span class='ocrx_word' id='word_1_53' title='bbox 653 1204 694 1267; x_wconf 85' lang='lat' dir='ltr'>ad</span> <span class='ocrx_word' id='word_1_54' title='bbox 726 1204 814 1284; x_wconf 82' lang='lat' dir='ltr'>leges</span> <span class='ocrx_word' id='word_1_55' title='bbox 847 1203 1054 1284; x_wconf 86' lang='lat' dir='ltr'>accipiundas</span> <span class='ocrx_word' id='word_1_56' title='bbox 1087 1203 1118 1267; x_wconf 90' lang='lat' dir='ltr'>in</span> <span class='ocrx_word' id='word_1_57' title='bbox 1147 1203 1212 1267; x_wconf 78' lang='lat' dir='ltr'>VH</span> <span class='ocrx_word' id='word_1_58' title='bbox 1235 1204 1335 1285; x_wconf 84' lang='lat' dir='ltr'>iugera</span> 
     </span>
     <span class='ocr_line' id='line_1_9' title="bbox 117 1303 610 1371; baseline 0 -3"><span class='ocrx_word' id='word_1_59' title='bbox 117 1303 257 1369; x_wconf 78' lang='lat' dir='ltr'>forensia</span> <span class='ocrx_word' id='word_1_60' title='bbox 281 1324 299 1370; x_wconf 94' lang='lat' dir='ltr'>e</span> <span class='ocrx_word' id='word_1_61' title='bbox 321 1305 449 1369; x_wconf 85' lang='lat' dir='ltr'>comitio</span> <span class='ocrx_word' id='word_1_62' title='bbox 474 1306 610 1371; x_wconf 75' lang='lat' dir='ltr'>eduxit.2</span> 
     </span>
     <span class='ocr_line' id='line_1_10' title="bbox 128 1405 1333 1487; baseline 0.002 -21"><span class='ocrx_word' id='word_1_63' title='bbox 128 1424 130 1429; x_wconf 93' lang='grc'><strong><em>·</em></strong></span> <span class='ocrx_word' id='word_1_64' title='bbox 206 1405 254 1485; x_wconf 87' lang='grc'>10,</span> <span class='ocrx_word' id='word_1_65' title='bbox 280 1406 306 1468; x_wconf 87' lang='grc'>1.</span> <span class='ocrx_word' id='word_1_66' title='bbox 329 1407 456 1487; x_wconf 87' lang='lat' dir='ltr'>Medos,</span> <span class='ocrx_word' id='word_1_67' title='bbox 488 1407 605 1486; x_wconf 89' lang='lat' dir='ltr'>quibus</span> <span class='ocrx_word' id='word_1_68' title='bbox 628 1407 821 1471; x_wconf 78' lang='lat' dir='ltr'>metirentur</span> <span class='ocrx_word' id='word_1_69' title='bbox 845 1424 931 1485; x_wconf 87' lang='lat' dir='ltr'>rura,</span> <span class='ocrx_word' id='word_1_70' title='bbox 955 1407 1037 1471; x_wconf 91' lang='lat' dir='ltr'>alius</span> <span class='ocrx_word' id='word_1_71' title='bbox 1060 1406 1141 1471; x_wconf 89' lang='lat' dir='ltr'>alios</span> <span class='ocrx_word' id='word_1_72' title='bbox 1165 1407 1333 1470; x_wconf 86' lang='lat' dir='ltr'>constituit.</span> 
     </span>
     <span class='ocr_line' id='line_1_11' title="bbox 117 1507 1335 1590; baseline -0.001 -20"><span class='ocrx_word' id='word_1_73' title='bbox 117 1544 159 1552; x_wconf 91' lang='lat'>—</span> <span class='ocrx_word' id='word_1_74' title='bbox 181 1508 360 1573; x_wconf 90' lang='lat' dir='ltr'>metiuntur</span> <span class='ocrx_word' id='word_1_75' title='bbox 382 1543 424 1552; x_wconf 93' lang='lat'>—</span> <span class='ocrx_word' id='word_1_76' title='bbox 447 1510 535 1588; x_wconf 89' lang='lat' dir='ltr'>apud</span> <span class='ocrx_word' id='word_1_77' title='bbox 566 1526 623 1572; x_wconf 91' lang='lat' dir='ltr'>nos</span> <span class='ocrx_word' id='word_1_78' title='bbox 655 1509 688 1572; x_wconf 91' lang='lat' dir='ltr'>in</span> <span class='ocrx_word' id='word_1_79' title='bbox 712 1526 790 1590; x_wconf 83' lang='lat' dir='ltr'>agro</span> <span class='ocrx_word' id='word_1_80' title='bbox 822 1509 967 1572; x_wconf 88' lang='lat' dir='ltr'>Romano</span> <span class='ocrx_word' id='word_1_81' title='bbox 995 1527 1033 1573; x_wconf 88' lang='lat' dir='ltr'>ao</span> <span class='ocrx_word' id='word_1_82' title='bbox 1060 1507 1181 1572; x_wconf 87' lang='lat' dir='ltr'>Latino</span> <span class='ocrx_word' id='word_1_83' title='bbox 1217 1507 1335 1589; x_wconf 75' lang='lat' dir='ltr'>ingeris.</span> 
     </span>
     <span class='ocr_line' id='line_1_12' title="bbox 120 1608 1336 1693; baseline -0.001 -20"><span class='ocrx_word' id='word_1_84' title='bbox 120 1611 273 1691; x_wconf 82' lang='lat' dir='ltr'>Iugerum</span> <span class='ocrx_word' id='word_1_85' title='bbox 293 1608 446 1693; x_wconf 85' lang='lat' dir='ltr'>(vocant),</span> <span class='ocrx_word' id='word_1_86' title='bbox 471 1609 556 1690; x_wconf 88' lang='lat' dir='ltr'>quod</span> <span class='ocrx_word' id='word_1_87' title='bbox 579 1610 757 1690; x_wconf 90' lang='lat' dir='ltr'>quadratos</span> <span class='ocrx_word' id='word_1_88' title='bbox 780 1610 860 1675; x_wconf 89' lang='lat' dir='ltr'>duos</span> <span class='ocrx_word' id='word_1_89' title='bbox 884 1615 975 1675; x_wconf 87' lang='lat' dir='ltr'>aetus</span> <span class='ocrx_word' id='word_1_90' title='bbox 998 1609 1130 1685; x_wconf 63' lang='lat' dir='ltr'>habeatq</span> <span class='ocrx_word' id='word_1_91' title='bbox 1155 1614 1250 1674; x_wconf 84' lang='lat' dir='ltr'>actus</span> <span class='ocrx_word' id='word_1_92' title='bbox 1274 1627 1336 1691; x_wconf 88' lang='lat' dir='ltr'>qua·</span> 
     </span>
     <span class='ocr_line' id='line_1_13' title="bbox 119 1708 1335 1793; baseline -0.001 -19"><span class='ocrx_word' id='word_1_93' title='bbox 119 1711 242 1784; x_wconf 84' lang='lat' dir='ltr'>drutus,</span> <span class='ocrx_word' id='word_1_94' title='bbox 265 1711 321 1791; x_wconf 92' lang='lat' dir='ltr'>qui</span> <span class='ocrx_word' id='word_1_95' title='bbox 344 1718 377 1775; x_wconf 88' lang='lat' dir='ltr'>et</span> <span class='ocrx_word' id='word_1_96' title='bbox 398 1711 484 1776; x_wconf 90' lang='lat' dir='ltr'>latus</span> <span class='ocrx_word' id='word_1_97' title='bbox 508 1716 556 1776; x_wconf 90' lang='lat' dir='ltr'>est</span> <span class='ocrx_word' id='word_1_98' title='bbox 581 1713 679 1792; x_wconf 76' lang='lat' dir='ltr'>perles</span> <span class='ocrx_word' id='word_1_99' title='bbox 703 1710 790 1776; x_wconf 87' lang='lat' dir='ltr'>CXX</span> <span class='ocrx_word' id='word_1_100' title='bbox 814 1717 846 1776; x_wconf 91' lang='lat' dir='ltr'>et</span> <span class='ocrx_word' id='word_1_101' title='bbox 868 1710 1151 1793; x_wconf 83' lang='lat' dir='ltr'>longustotidem.</span> <span class='ocrx_word' id='word_1_102' title='bbox 1168 1745 1212 1755; x_wconf 90' lang='lat'>-</span> <span class='ocrx_word' id='word_1_103' title='bbox 1226 1708 1335 1774; x_wconf 80' lang='lat' dir='ltr'>2.Bina</span> 
     </span>
     <span class='ocr_line' id='line_1_14' title="bbox 119 1812 1335 1894; baseline 0.001 -20"><span class='ocrx_word' id='word_1_104' title='bbox 119 1812 246 1892; x_wconf 84' lang='lat' dir='ltr'>iugera,</span> <span class='ocrx_word' id='word_1_105' title='bbox 279 1814 364 1893; x_wconf 80' lang='lat' dir='ltr'>quorl</span> <span class='ocrx_word' id='word_1_106' title='bbox 392 1833 411 1876; x_wconf 93' lang='lat' dir='ltr'>a</span> <span class='ocrx_word' id='word_1_107' title='bbox 439 1813 574 1877; x_wconf 91' lang='lat' dir='ltr'>Romulo</span> <span class='ocrx_word' id='word_1_108' title='bbox 606 1815 757 1894; x_wconf 88' lang='lat' dir='ltr'>primum</span> <span class='ocrx_word' id='word_1_109' title='bbox 773 1814 876 1879; x_wconf 85' lang='lat' dir='ltr'>divisa</span> <span class='ocrx_word' id='word_1_110' title='bbox 905 1814 1053 1893; x_wconf 74' lang='lat' dir='ltr'>viritiml</span> <span class='ocrx_word' id='word_1_111' title='bbox 1085 1832 1172 1894; x_wconf 89' lang='lat' dir='ltr'>quae</span> <span class='ocrx_word' id='word_1_112' title='bbox 1196 1813 1335 1878; x_wconf 88' lang='lat' dir='ltr'>heredem</span> 
     </span>
     <span class='ocr_line' id='line_1_15' title="bbox 122 1914 775 1996; baseline -0.002 -18"><span class='ocrx_word' id='word_1_113' title='bbox 122 1919 344 1995; x_wconf 78' lang='lat' dir='ltr'>sequerentur,</span> <span class='ocrx_word' id='word_1_114' title='bbox 367 1914 534 1979; x_wconf 89' lang='lat' dir='ltr'>heredium</span> <span class='ocrx_word' id='word_1_115' title='bbox 559 1915 775 1996; x_wconf 89' lang='lat' dir='ltr'>appellarunt.</span> 
     </span>
    </p>
   </div>
   <div class='ocr_carea' id='block_1_4' title="bbox 118 2082 1336 3578">
    <p class='ocr_par' dir='ltr' id='par_1_5' title="bbox 677 2082 791 2136">
     <span class='ocr_line' id='line_1_16' title="bbox 677 2082 791 2136; baseline -0.009 -1"><span class='ocrx_word' id='word_1_116' title='bbox 677 2083 735 2136; x_wconf 91' lang='lat' dir='ltr'><strong>Lib.</strong></span> <span class='ocrx_word' id='word_1_117' title='bbox 757 2082 791 2135; x_wconf 91' lang='grc'>11.</span> 
     </span>
    </p>

    <p class='ocr_par' dir='ltr' id='par_1_6' title="bbox 120 2168 1336 2456">
     <span class='ocr_line' id='line_1_17' title="bbox 207 2168 1336 2251; baseline -0.001 -20"><span class='ocrx_word' id='word_1_118' title='bbox 207 2168 311 2248; x_wconf 76' lang='lat' dir='ltr'>Proef.</span> <span class='ocrx_word' id='word_1_119' title='bbox 329 2171 400 2235; x_wconf 90' lang='lat' dir='ltr'>Viri</span> <span class='ocrx_word' id='word_1_120' title='bbox 415 2171 525 2251; x_wconf 81' lang='lat' dir='ltr'>magni</span> <span class='ocrx_word' id='word_1_121' title='bbox 542 2170 645 2234; x_wconf 90' lang='lat' dir='ltr'>nostri</span> <span class='ocrx_word' id='word_1_122' title='bbox 660 2171 799 2234; x_wconf 90' lang='lat' dir='ltr'>maiores</span> <span class='ocrx_word' id='word_1_123' title='bbox 817 2188 880 2233; x_wconf 95' lang='lat' dir='ltr'>non</span> <span class='ocrx_word' id='word_1_124' title='bbox 896 2170 963 2234; x_wconf 93' lang='lat' dir='ltr'>sine</span> <span class='ocrx_word' id='word_1_125' title='bbox 983 2187 1081 2233; x_wconf 86' lang='lat' dir='ltr'>causa</span> <span class='ocrx_word' id='word_1_126' title='bbox 1100 2171 1336 2250; x_wconf 81' lang='lat' dir='ltr'>praeponebant</span> 
     </span>
     <span class='ocr_line' id='line_1_18' title="bbox 121 2271 1336 2352; baseline 0 -18"><span class='ocrx_word' id='word_1_127' title='bbox 121 2273 258 2337; x_wconf 84' lang='lat' dir='ltr'>rusticos</span> <span class='ocrx_word' id='word_1_128' title='bbox 269 2273 428 2336; x_wconf 88' lang='lat' dir='ltr'>Romanos</span> <span class='ocrx_word' id='word_1_129' title='bbox 448 2271 765 2352; x_wconf 85' lang='lat' dir='ltr'>urbanis—Itaque</span> <span class='ocrx_word' id='word_1_130' title='bbox 785 2290 903 2336; x_wconf 89' lang='lat' dir='ltr'>annum</span> <span class='ocrx_word' id='word_1_131' title='bbox 922 2272 970 2336; x_wconf 91' lang='lat' dir='ltr'>ita</span> <span class='ocrx_word' id='word_1_132' title='bbox 990 2272 1180 2351; x_wconf 88' lang='lat' dir='ltr'>diviserunt,</span> <span class='ocrx_word' id='word_1_133' title='bbox 1202 2276 1241 2336; x_wconf 91' lang='lat' dir='ltr'>ut</span> <span class='ocrx_word' id='word_1_134' title='bbox 1258 2271 1336 2335; x_wconf 91' lang='lat' dir='ltr'>nonis</span> 
     </span>
     <span class='ocr_line' id='line_1_19' title="bbox 120 2373 1335 2456; baseline -0.002 -20"><span class='ocrx_word' id='word_1_135' title='bbox 120 2374 213 2437; x_wconf 87' lang='lat' dir='ltr'>modo</span> <span class='ocrx_word' id='word_1_136' title='bbox 232 2373 346 2439; x_wconf 91' lang='lat' dir='ltr'>diebus</span> <span class='ocrx_word' id='word_1_137' title='bbox 357 2373 496 2438; x_wconf 91' lang='lat' dir='ltr'>urbanas</span> <span class='ocrx_word' id='word_1_138' title='bbox 514 2392 566 2438; x_wconf 91' lang='lat' dir='ltr'>res</span> <span class='ocrx_word' id='word_1_139' title='bbox 582 2379 786 2454; x_wconf 84' lang='lat' dir='ltr'>usurparent,</span> <span class='ocrx_word' id='word_1_140' title='bbox 807 2374 942 2456; x_wconf 91' lang='lat' dir='ltr'>reliquis</span> <span class='ocrx_word' id='word_1_141' title='bbox 961 2373 1023 2437; x_wconf 87' lang='lat' dir='ltr'>Vll</span> <span class='ocrx_word' id='word_1_142' title='bbox 1040 2377 1079 2437; x_wconf 90' lang='lat' dir='ltr'>nt</span> <span class='ocrx_word' id='word_1_143' title='bbox 1096 2392 1177 2438; x_wconf 91' lang='lat' dir='ltr'>rura</span> <span class='ocrx_word' id='word_1_144' title='bbox 1197 2373 1335 2438; x_wconf 84' lang='lat' dir='ltr'>colerent.</span> 
     </span>
    </p>

    <p class='ocr_par' dir='ltr' id='par_1_7' title="bbox 118 2474 1336 3475">
     <span class='ocr_line' id='line_1_20' title="bbox 207 2474 1336 2558; baseline -0.001 -21"><span class='ocrx_word' id='word_1_145' title='bbox 207 2474 234 2555; x_wconf 87' lang='lat'>1,</span> <span class='ocrx_word' id='word_1_146' title='bbox 257 2474 286 2537; x_wconf 81' lang='lat'>9.</span> <span class='ocrx_word' id='word_1_147' title='bbox 309 2476 716 2558; x_wconf 68' lang='lat' dir='ltr'>Romanorumspopulum</span> <span class='ocrx_word' id='word_1_148' title='bbox 749 2496 768 2541; x_wconf 93' lang='lat' dir='ltr'>a</span> <span class='ocrx_word' id='word_1_149' title='bbox 801 2476 986 2558; x_wconf 84' lang='lat' dir='ltr'>pastoribus</span> <span class='ocrx_word' id='word_1_150' title='bbox 1018 2492 1087 2540; x_wconf 89' lang='grc'><strong>6666</strong></span> <span class='ocrx_word' id='word_1_151' title='bbox 1120 2480 1245 2550; x_wconf 88' lang='lat' dir='ltr'>ortum,</span> <span class='ocrx_word' id='word_1_152' title='bbox 1277 2474 1336 2556; x_wconf 86' lang='lat' dir='ltr'>quis</span> 
     </span>
     <span class='ocr_line' id='line_1_21' title="bbox 120 2576 1336 2643; baseline -0.003 -1"><span class='ocrx_word' id='word_1_153' title='bbox 120 2598 183 2643; x_wconf 95' lang='lat' dir='ltr'>non</span> <span class='ocrx_word' id='word_1_154' title='bbox 216 2577 316 2642; x_wconf 80' lang='lat' dir='ltr'>dicit?</span> <span class='ocrx_word' id='word_1_155' title='bbox 338 2613 379 2622; x_wconf 90' lang='lat'><em>—</em></span> <span class='ocrx_word' id='word_1_156' title='bbox 401 2577 504 2642; x_wconf 89' lang='lat' dir='ltr'>multa</span> <span class='ocrx_word' id='word_1_157' title='bbox 536 2581 636 2643; x_wconf 90' lang='lat' dir='ltr'>etiam</span> <span class='ocrx_word' id='word_1_158' title='bbox 668 2597 752 2643; x_wconf 90' lang='lat' dir='ltr'>nuno</span> <span class='ocrx_word' id='word_1_159' title='bbox 784 2597 823 2642; x_wconf 86' lang='lat' dir='ltr'>ex</span> <span class='ocrx_word' id='word_1_160' title='bbox 853 2583 963 2642; x_wconf 83' lang='lat' dir='ltr'>uetere</span> <span class='ocrx_word' id='word_1_161' title='bbox 994 2577 1149 2642; x_wconf 91' lang='lat' dir='ltr'>instituto</span> <span class='ocrx_word' id='word_1_162' title='bbox 1179 2576 1287 2642; x_wconf 89' lang='lat' dir='ltr'>bubus</span> <span class='ocrx_word' id='word_1_163' title='bbox 1311 2581 1336 2640; x_wconf 92' lang='lat' dir='ltr'>et</span> 
     </span>
     <span class='ocr_line' id='line_1_22' title="bbox 120 2677 1336 2761; baseline -0.004 -17"><span class='ocrx_word' id='word_1_164' title='bbox 120 2681 235 2745; x_wconf 88' lang='lat' dir='ltr'>ovibus</span> <span class='ocrx_word' id='word_1_165' title='bbox 253 2680 381 2759; x_wconf 83' lang='lat' dir='ltr'>dieitur,</span> <span class='ocrx_word' id='word_1_166' title='bbox 406 2685 531 2747; x_wconf 69' lang='lat' dir='ltr'>etaaes</span> <span class='ocrx_word' id='word_1_167' title='bbox 550 2681 820 2761; x_wconf 89' lang='lat' dir='ltr'>antiquissimum,</span> <span class='ocrx_word' id='word_1_168' title='bbox 837 2681 923 2761; x_wconf 91' lang='lat' dir='ltr'>quod</span> <span class='ocrx_word' id='word_1_169' title='bbox 943 2684 992 2745; x_wconf 87' lang='lat' dir='ltr'>est</span> <span class='ocrx_word' id='word_1_170' title='bbox 1009 2677 1133 2758; x_wconf 89' lang='lat' dir='ltr'>flatum,</span> <span class='ocrx_word' id='word_1_171' title='bbox 1159 2698 1276 2760; x_wconf 81' lang='lat' dir='ltr'>pecore</span> <span class='ocrx_word' id='word_1_172' title='bbox 1296 2683 1336 2743; x_wconf 84' lang='lat' dir='ltr'>est</span> 
     </span>
     <span class='ocr_line' id='line_1_23' title="bbox 119 2780 1336 2873; baseline -0.002 -27"><span class='ocrx_word' id='word_1_173' title='bbox 119 2788 275 2847; x_wconf 89' lang='lat' dir='ltr'>notatum.</span> <span class='ocrx_word' id='word_1_174' title='bbox 303 2819 345 2828; x_wconf 91' lang='lat'><em>-</em></span> <span class='ocrx_word' id='word_1_175' title='bbox 368 2780 418 2846; x_wconf 79' lang='lat'>15.</span> <span class='ocrx_word' id='word_1_176' title='bbox 441 2781 566 2858; x_wconf 86' lang='lat' dir='ltr'>Quarta</span> <span class='ocrx_word' id='word_1_177' title='bbox 595 2800 672 2862; x_wconf 92' lang='lat' dir='ltr'>pars</span> <span class='ocrx_word' id='word_1_178' title='bbox 700 2788 750 2847; x_wconf 91' lang='lat' dir='ltr'>est</span> <span class='ocrx_word' id='word_1_179' title='bbox 778 2784 817 2847; x_wconf 88' lang='lat' dir='ltr'>de</span> <span class='ocrx_word' id='word_1_180' title='bbox 840 2783 910 2846; x_wconf 88' lang='lat' dir='ltr'>iure</span> <span class='ocrx_word' id='word_1_181' title='bbox 939 2783 971 2847; x_wconf 91' lang='lat' dir='ltr'>in</span> <span class='ocrx_word' id='word_1_182' title='bbox 999 2782 1161 2862; x_wconf 91' lang='lat' dir='ltr'>parando,</span> <span class='ocrx_word' id='word_1_183' title='bbox 1195 2781 1336 2873; x_wconf 87' lang='lat' dir='ltr'>quemad-</span> 
     </span>
     <span class='ocr_line' id='line_1_24' title="bbox 118 2882 1336 2966; baseline -0.004 -17"><span class='ocrx_word' id='word_1_184' title='bbox 118 2886 247 2950; x_wconf 91' lang='lat' dir='ltr'>modum</span> <span class='ocrx_word' id='word_1_185' title='bbox 272 2903 434 2966; x_wconf 88' lang='lat' dir='ltr'>quamque</span> <span class='ocrx_word' id='word_1_186' title='bbox 459 2885 613 2964; x_wconf 87' lang='lat' dir='ltr'>pecudem</span> <span class='ocrx_word' id='word_1_187' title='bbox 637 2884 699 2947; x_wconf 89' lang='lat' dir='ltr'>erni</span> <span class='ocrx_word' id='word_1_188' title='bbox 727 2888 877 2965; x_wconf 85' lang='lat' dir='ltr'>oporteat</span> <span class='ocrx_word' id='word_1_189' title='bbox 904 2884 989 2948; x_wconf 85' lang='lat' dir='ltr'>civili</span> <span class='ocrx_word' id='word_1_190' title='bbox 1017 2884 1097 2948; x_wconf 89' lang='lat' dir='ltr'>iure.</span> <span class='ocrx_word' id='word_1_191' title='bbox 1145 2882 1241 2960; x_wconf 84' lang='lat' dir='ltr'>Quod</span> <span class='ocrx_word' id='word_1_192' title='bbox 1263 2884 1336 2948; x_wconf 90' lang='lat' dir='ltr'>enim</span> 
     </span>
     <span class='ocr_line' id='line_1_25' title="bbox 119 2984 1336 3066; baseline -0.002 -16"><span class='ocrx_word' id='word_1_193' title='bbox 119 2987 254 3051; x_wconf 88' lang='lat' dir='ltr'>alterius</span> <span class='ocrx_word' id='word_1_194' title='bbox 284 2985 356 3065; x_wconf 86' lang='lat' dir='ltr'>fuit,</span> <span class='ocrx_word' id='word_1_195' title='bbox 389 2987 422 3051; x_wconf 89' lang='lat' dir='ltr'>id</span> <span class='ocrx_word' id='word_1_196' title='bbox 456 2991 492 3050; x_wconf 99' lang='lat' dir='ltr'>ut</span> <span class='ocrx_word' id='word_1_197' title='bbox 514 2984 572 3050; x_wconf 90' lang='lat' dir='ltr'>fiat</span> <span class='ocrx_word' id='word_1_198' title='bbox 595 3004 712 3060; x_wconf 88' lang='lat' dir='ltr'>meum,</span> <span class='ocrx_word' id='word_1_199' title='bbox 745 3003 875 3050; x_wconf 85' lang='lat' dir='ltr'>neeesse</span> <span class='ocrx_word' id='word_1_200' title='bbox 898 2991 945 3050; x_wconf 86' lang='lat' dir='ltr'>est</span> <span class='ocrx_word' id='word_1_201' title='bbox 979 2985 1104 3066; x_wconf 86' lang='lat' dir='ltr'>aliquio</span> <span class='ocrx_word' id='word_1_202' title='bbox 1131 2985 1336 3060; x_wconf 69' lang='lat' dir='ltr'>intercedere,</span> 
     </span>
     <span class='ocr_line' id='line_1_26' title="bbox 118 3085 1336 3169; baseline -0.003 -18"><span class='ocrx_word' id='word_1_203' title='bbox 118 3107 222 3169; x_wconf 88' lang='lat' dir='ltr'>neque</span> <span class='ocrx_word' id='word_1_204' title='bbox 245 3089 278 3152; x_wconf 91' lang='lat' dir='ltr'>in</span> <span class='ocrx_word' id='word_1_205' title='bbox 301 3089 449 3153; x_wconf 91' lang='lat' dir='ltr'>omnibus</span> <span class='ocrx_word' id='word_1_206' title='bbox 473 3089 553 3152; x_wconf 91' lang='lat' dir='ltr'>satis</span> <span class='ocrx_word' id='word_1_207' title='bbox 576 3094 625 3164; x_wconf 87' lang='lat' dir='ltr'>est</span> <span class='ocrx_word' id='word_1_208' title='bbox 652 3087 821 3168; x_wconf 86' lang='lat' dir='ltr'>stipulatio</span> <span class='ocrx_word' id='word_1_209' title='bbox 852 3092 908 3152; x_wconf 91' lang='lat' dir='ltr'>aut</span> <span class='ocrx_word' id='word_1_210' title='bbox 936 3088 1053 3151; x_wconf 90' lang='lat' dir='ltr'>solutio</span> <span class='ocrx_word' id='word_1_211' title='bbox 1080 3106 1284 3153; x_wconf 89' lang='lat' dir='ltr'>nummorum</span> <span class='ocrx_word' id='word_1_212' title='bbox 1303 3085 1336 3148; x_wconf 88' lang='lat' dir='ltr'>ad</span> 
     </span>
     <span class='ocr_line' id='line_1_27' title="bbox 118 3188 1336 3271; baseline -0.002 -18"><span class='ocrx_word' id='word_1_213' title='bbox 118 3191 329 3255; x_wconf 84' lang='lat' dir='ltr'>mutationem</span> <span class='ocrx_word' id='word_1_214' title='bbox 340 3190 469 3255; x_wconf 91' lang='lat' dir='ltr'>domini.</span> <span class='ocrx_word' id='word_1_215' title='bbox 485 3225 528 3235; x_wconf 93' lang='lat'><strong>—</strong></span> <span class='ocrx_word' id='word_1_216' title='bbox 544 3188 591 3255; x_wconf 88' lang='grc'><strong>16.</strong></span> <span class='ocrx_word' id='word_1_217' title='bbox 611 3189 735 3271; x_wconf 82' lang='lat' dir='ltr'>Greges</span> <span class='ocrx_word' id='word_1_218' title='bbox 746 3190 853 3254; x_wconf 90' lang='lat' dir='ltr'>ovium</span> <span class='ocrx_word' id='word_1_219' title='bbox 871 3190 966 3271; x_wconf 81' lang='lat' dir='ltr'>longe</span> <span class='ocrx_word' id='word_1_220' title='bbox 984 3188 1163 3270; x_wconf 84' lang='lat' dir='ltr'>abiguntur</span> <span class='ocrx_word' id='word_1_221' title='bbox 1179 3188 1336 3270; x_wconf 81' lang='lat' dir='ltr'>exApulia</span> 
     </span>
     <span class='ocr_line' id='line_1_28' title="bbox 118 3288 1334 3373; baseline -0.004 -18"><span class='ocrx_word' id='word_1_222' title='bbox 118 3292 150 3355; x_wconf 90' lang='lat' dir='ltr'>in</span> <span class='ocrx_word' id='word_1_223' title='bbox 174 3290 340 3356; x_wconf 82' lang='lat' dir='ltr'>Samnium</span> <span class='ocrx_word' id='word_1_224' title='bbox 364 3292 570 3371; x_wconf 84' lang='lat' dir='ltr'>aestivatum,</span> <span class='ocrx_word' id='word_1_225' title='bbox 595 3297 694 3373; x_wconf 90' lang='lat' dir='ltr'>atque</span> <span class='ocrx_word' id='word_1_226' title='bbox 716 3292 757 3357; x_wconf 89' lang='lat' dir='ltr'>ad</span> <span class='ocrx_word' id='word_1_227' title='bbox 780 3290 989 3372; x_wconf 86' lang='lat' dir='ltr'>publicanum</span> <span class='ocrx_word' id='word_1_228' title='bbox 1013 3288 1223 3371; x_wconf 84' lang='lat' dir='ltr'>profitentur,</span> <span class='ocrx_word' id='word_1_229' title='bbox 1246 3310 1293 3365; x_wconf 78' lang='lat' dir='ltr'>ue,</span> <span class='ocrx_word' id='word_1_230' title='bbox 1315 3290 1334 3353; x_wconf 92' lang='lat' dir='ltr'>si</span> 
     </span>
     <span class='ocr_line' id='line_1_29' title="bbox 118 3389 1099 3475; baseline 0 -20"><span class='ocrx_word' id='word_1_231' title='bbox 118 3393 307 3473; x_wconf 89' lang='lat' dir='ltr'>inscriptum</span> <span class='ocrx_word' id='word_1_232' title='bbox 331 3412 428 3474; x_wconf 85' lang='lat' dir='ltr'>pecus</span> <span class='ocrx_word' id='word_1_233' title='bbox 451 3394 609 3473; x_wconf 88' lang='lat' dir='ltr'>paverint,</span> <span class='ocrx_word' id='word_1_234' title='bbox 632 3393 704 3475; x_wconf 83' lang='lat' dir='ltr'>lege</span> <span class='ocrx_word' id='word_1_235' title='bbox 722 3389 1099 3458; x_wconf 69' lang='lat' dir='ltr'>censoria&#39;oommittant.</span> 
     </span>
    </p>

    <p class='ocr_par' dir='ltr' id='par_1_8' title="bbox 204 3493 1336 3578">
     <span class='ocr_line' id='line_1_30' title="bbox 204 3493 1336 3578; baseline 0.002 -23"><span class='ocrx_word' id='word_1_236' title='bbox 204 3493 233 3574; x_wconf 78' lang='lat'>2,</span> <span class='ocrx_word' id='word_1_237' title='bbox 256 3495 284 3557; x_wconf 82' lang='lat' dir='ltr'>b.</span> <span class='ocrx_word' id='word_1_238' title='bbox 306 3497 344 3560; x_wconf 92' lang='lat' dir='ltr'>In</span> <span class='ocrx_word' id='word_1_239' title='bbox 367 3495 584 3577; x_wconf 90' lang='lat' dir='ltr'>emptionibus</span> <span class='ocrx_word' id='word_1_240' title='bbox 608 3494 739 3576; x_wconf 83' lang='lat' dir='ltr'>(ovium)</span> <span class='ocrx_word' id='word_1_241' title='bbox 760 3496 831 3559; x_wconf 90' lang='lat' dir='ltr'>iure</span> <span class='ocrx_word' id='word_1_242' title='bbox 855 3495 977 3558; x_wconf 91' lang='lat' dir='ltr'>utimur</span> <span class='ocrx_word' id='word_1_243' title='bbox 1000 3513 1046 3573; x_wconf 91' lang='lat' dir='ltr'>eo,</span> <span class='ocrx_word' id='word_1_244' title='bbox 1071 3495 1159 3576; x_wconf 88' lang='lat' dir='ltr'>quod</span> <span class='ocrx_word' id='word_1_245' title='bbox 1182 3496 1237 3560; x_wconf 84' lang='lat' dir='ltr'>lex</span> <span class='ocrx_word' id='word_1_246' title='bbox 1255 3512 1336 3578; x_wconf 88' lang='lat' dir='ltr'>prae·</span> 
     </span>
    </p>
   </div>
   <div class='ocr_carea' id='block_1_5' title="bbox 101 3645 1336 4482">
    <p class='ocr_par' dir='ltr' id='par_1_9' title="bbox 101 3645 1336 4482">
     <span class='ocr_line' id='line_1_31' title="bbox 187 3645 1335 3716; baseline -0.003 -17"><span class='ocrx_word' id='word_1_247' title='bbox 187 3648 211 3709; x_wconf 86' lang='grc'>1)</span> <span class='ocrx_word' id='word_1_248' title='bbox 231 3645 382 3716; x_wconf 67' lang='lat' dir='ltr'>&amp;raptores</span> <span class='ocrx_word' id='word_1_249' title='bbox 403 3649 444 3701; x_wconf 88' lang='lat' dir='ltr'>rer&#39;</span> <span class='ocrx_word' id='word_1_250' title='bbox 466 3649 584 3701; x_wconf 77' lang='lat' dir='ltr'>rusticor</span> <span class='ocrx_word' id='word_1_251' title='bbox 600 3646 640 3699; x_wconf 79' lang='lat' dir='ltr'>eo.</span> <span class='ocrx_word' id='word_1_252' title='bbox 659 3645 812 3702; x_wconf 76' lang='lat' dir='ltr'>Schneider.</span> <span class='ocrx_word' id='word_1_253' title='bbox 830 3649 906 3700; x_wconf 78' lang='lat'><em>1794.</em></span> <span class='ocrx_word' id='word_1_254' title='bbox 929 3645 1000 3698; x_wconf 84' lang='lat' dir='ltr'>Tora.</span> <span class='ocrx_word' id='word_1_255' title='bbox 1018 3645 1043 3699; x_wconf 87' lang='lat' dir='ltr'>I.</span> <span class='ocrx_word' id='word_1_256' title='bbox 1058 3661 1089 3713; x_wconf 76' lang='lat' dir='ltr'>p,</span> <span class='ocrx_word' id='word_1_257' title='bbox 1107 3650 1171 3700; x_wconf 84' lang='lat'><strong><em>123.</em></strong></span> <span class='ocrx_word' id='word_1_258' title='bbox 1190 3677 1227 3686; x_wconf 89' lang='lat'>-</span> <span class='ocrx_word' id='word_1_259' title='bbox 1246 3649 1272 3711; x_wconf 73' lang='lat'>2)</span> <span class='ocrx_word' id='word_1_260' title='bbox 1290 3645 1335 3700; x_wconf 82' lang='lat' dir='ltr'>Cio.</span> 
     </span>
     <span class='ocr_line' id='line_1_32' title="bbox 117 3730 1335 3800; baseline 0.001 -17"><span class='ocrx_word' id='word_1_261' title='bbox 117 3731 150 3784; x_wconf 82' lang='lat' dir='ltr'>de</span> <span class='ocrx_word' id='word_1_262' title='bbox 167 3731 243 3785; x_wconf 81' lang='lat' dir='ltr'>aurio.</span> <span class='ocrx_word' id='word_1_263' title='bbox 261 3734 312 3785; x_wconf 78' lang='lat'>25:</span> <span class='ocrx_word' id='word_1_264' title='bbox 330 3732 379 3795; x_wconf 86' lang='lat' dir='ltr'>‘(C.</span> <span class='ocrx_word' id='word_1_265' title='bbox 396 3732 513 3786; x_wconf 88' lang='lat' dir='ltr'>Licinius</span> <span class='ocrx_word' id='word_1_266' title='bbox 524 3732 646 3799; x_wconf 86' lang='lat' dir='ltr'>Crassus)</span> <span class='ocrx_word' id='word_1_267' title='bbox 666 3731 766 3798; x_wconf 88' lang='lat' dir='ltr'>primus</span> <span class='ocrx_word' id='word_1_268' title='bbox 784 3731 913 3794; x_wconf 87' lang='lat' dir='ltr'>instituit,</span> <span class='ocrx_word' id='word_1_269' title='bbox 932 3730 1064 3784; x_wconf 85' lang='lat' dir='ltr'>inferum</span> <span class='ocrx_word' id='word_1_270' title='bbox 1082 3746 1177 3784; x_wconf 86' lang='lat' dir='ltr'>versus</span> <span class='ocrx_word' id='word_1_271' title='bbox 1196 3745 1335 3800; x_wconf 75' lang='lat' dir='ltr'>ager-eoum</span> 
     </span>
     <span class='ocr_line' id='line_1_33' title="bbox 117 3815 1335 3884; baseline 0.004 -16"><span class='ocrx_word' id='word_1_272' title='bbox 117 3816 228 3884; x_wconf 82' lang='lat' dir='ltr'>populo&#39;.</span> <span class='ocrx_word' id='word_1_273' title='bbox 266 3815 366 3870; x_wconf 77' lang='lat' dir='ltr'>Cetrora.</span> <span class='ocrx_word' id='word_1_274' title='bbox 386 3817 417 3870; x_wconf 79' lang='lat' dir='ltr'>oe</span> <span class='ocrx_word' id='word_1_275' title='bbox 434 3833 457 3870; x_wconf 88' lang='lat' dir='ltr'>r.</span> <span class='ocrx_word' id='word_1_276' title='bbox 476 3834 498 3870; x_wconf 89' lang='lat' dir='ltr'>r.</span> <span class='ocrx_word' id='word_1_277' title='bbox 517 3822 542 3880; x_wconf 85' lang='lat'>1,</span> <span class='ocrx_word' id='word_1_278' title='bbox 560 3821 647 3880; x_wconf 87' lang='lat'>3,10:</span> <span class='ocrx_word' id='word_1_279' title='bbox 665 3818 733 3883; x_wconf 90' lang='lat' dir='ltr'>‘post</span> <span class='ocrx_word' id='word_1_280' title='bbox 752 3832 828 3883; x_wconf 84' lang='lat' dir='ltr'>roges</span> <span class='ocrx_word' id='word_1_281' title='bbox 847 3820 952 3869; x_wconf 80' lang='lat' dir='ltr'>exactos</span> <span class='ocrx_word' id='word_1_282' title='bbox 962 3815 1101 3868; x_wconf 85' lang='lat' dir='ltr'>Liciniana</span> <span class='ocrx_word' id='word_1_283' title='bbox 1120 3815 1169 3868; x_wconf 93' lang='lat' dir='ltr'>illa</span> <span class='ocrx_word' id='word_1_284' title='bbox 1180 3817 1335 3884; x_wconf 67' lang='lat' dir='ltr'>Vllingero</span> 
     </span>
     <span class='ocr_line' id='line_1_34' title="bbox 101 3897 1336 3970; baseline -0.001 -16"><span class='ocrx_word' id='word_1_285' title='bbox 101 3897 183 3970; x_wconf 67' lang='lat' dir='ltr'>&#39;quae</span> <span class='ocrx_word' id='word_1_286' title='bbox 197 3902 269 3970; x_wconf 92' lang='lat' dir='ltr'>plebi</span> <span class='ocrx_word' id='word_1_287' title='bbox 287 3901 410 3955; x_wconf 90' lang='lat' dir='ltr'>tribunus</span> <span class='ocrx_word' id='word_1_288' title='bbox 428 3902 529 3955; x_wconf 89' lang='lat' dir='ltr'>viritim</span> <span class='ocrx_word' id='word_1_289' title='bbox 550 3902 686 3969; x_wconf 88' lang='lat' dir='ltr'>diviserat,</span> <span class='ocrx_word' id='word_1_290' title='bbox 705 3901 816 3956; x_wconf 88' lang='lat' dir='ltr'>maiores</span> <span class='ocrx_word' id='word_1_291' title='bbox 835 3902 962 3969; x_wconf 86' lang='lat' dir='ltr'>quaestus</span> <span class='ocrx_word' id='word_1_292' title='bbox 980 3899 1100 3968; x_wconf 85' lang='lat' dir='ltr'>antiquis</span> <span class='ocrx_word' id='word_1_293' title='bbox 1118 3901 1248 3966; x_wconf 89' lang='lat' dir='ltr'>retulere,</span> <span class='ocrx_word' id='word_1_294' title='bbox 1266 3916 1336 3970; x_wconf 88' lang='lat' dir='ltr'>quam</span> 
     </span>
     <span class='ocr_line' id='line_1_35' title="bbox 115 3983 1336 4061; baseline -0.002 -22"><span class='ocrx_word' id='word_1_295' title='bbox 115 4002 185 4040; x_wconf 91' lang='lat' dir='ltr'>nuno</span> <span class='ocrx_word' id='word_1_296' title='bbox 211 3987 288 4040; x_wconf 89' lang='lat' dir='ltr'>nobis</span> <span class='ocrx_word' id='word_1_297' title='bbox 310 3986 439 4054; x_wconf 88' lang='lat' dir='ltr'>praebent</span> <span class='ocrx_word' id='word_1_298' title='bbox 462 3987 626 4053; x_wconf 89' lang='lat' dir='ltr'>amplissima</span> <span class='ocrx_word' id='word_1_299' title='bbox 650 3987 789 4040; x_wconf 86' lang='lat' dir='ltr'>veterata&#39;.</span> <span class='ocrx_word' id='word_1_300' title='bbox 825 3986 883 4040; x_wconf 80' lang='lat' dir='ltr'>Ha.</span> <span class='ocrx_word' id='word_1_301' title='bbox 906 3985 948 4039; x_wconf 79' lang='lat' dir='ltr'>rib.</span> <span class='ocrx_word' id='word_1_302' title='bbox 973 3983 1146 4038; x_wconf 62' lang='grc'><strong>6691611661.</strong></span> <span class='ocrx_word' id='word_1_303' title='bbox 1171 3985 1298 4061; x_wconf 22' lang='lat' dir='ltr'>Varroto.</span> <span class='ocrx_word' id='word_1_304' title='bbox 1314 3983 1336 4036; x_wconf 84' lang='lat' dir='ltr'>d.</span> 
     </span>
     <span class='ocr_line' id='line_1_36' title="bbox 115 4070 1335 4141; baseline -0.004 -16"><span class='ocrx_word' id='word_1_305' title='bbox 115 4071 263 4127; x_wconf 67' lang='lat' dir='ltr'>malaura.</span> <span class='ocrx_word' id='word_1_306' title='bbox 281 4076 358 4126; x_wconf 85' lang='grc'><strong>1835.</strong></span> <span class='ocrx_word' id='word_1_307' title='bbox 378 4099 411 4110; x_wconf 79' lang='lat'>-</span> <span class='ocrx_word' id='word_1_308' title='bbox 436 4073 463 4139; x_wconf 87' lang='lat'>3)</span> <span class='ocrx_word' id='word_1_309' title='bbox 482 4071 558 4125; x_wconf 82' lang='lat' dir='ltr'>Plr&#39;rr.</span> <span class='ocrx_word' id='word_1_310' title='bbox 581 4071 606 4125; x_wconf 86' lang='lat' dir='ltr'>b.</span> <span class='ocrx_word' id='word_1_311' title='bbox 628 4087 655 4123; x_wconf 84' lang='lat' dir='ltr'>rr.</span> <span class='ocrx_word' id='word_1_312' title='bbox 679 4075 722 4139; x_wconf 86' lang='grc'>18,</span> <span class='ocrx_word' id='word_1_313' title='bbox 745 4075 772 4137; x_wconf 79' lang='lat'>2,</span> <span class='ocrx_word' id='word_1_314' title='bbox 796 4074 820 4125; x_wconf 77' lang='lat'>7.</span> <span class='ocrx_word' id='word_1_315' title='bbox 838 4075 863 4134; x_wconf 85' lang='lat'>3,</span> <span class='ocrx_word' id='word_1_316' title='bbox 881 4075 930 4124; x_wconf 78' lang='lat'>18:</span> <span class='ocrx_word' id='word_1_317' title='bbox 957 4070 1033 4123; x_wconf 86' lang='lat' dir='ltr'>‘Bina</span> <span class='ocrx_word' id='word_1_318' title='bbox 1049 4072 1115 4123; x_wconf 86' lang='lat' dir='ltr'>tuuc</span> <span class='ocrx_word' id='word_1_319' title='bbox 1134 4071 1231 4138; x_wconf 83' lang='lat' dir='ltr'>iugera</span> <span class='ocrx_word' id='word_1_320' title='bbox 1249 4070 1335 4141; x_wconf 91' lang='lat' dir='ltr'>populo</span> 
     </span>
     <span class='ocr_line' id='line_1_37' title="bbox 114 4155 1335 4226; baseline -0.003 -16"><span class='ocrx_word' id='word_1_321' title='bbox 114 4157 188 4213; x_wconf 88' lang='lat' dir='ltr'>Rom.</span> <span class='ocrx_word' id='word_1_322' title='bbox 212 4159 278 4212; x_wconf 85' lang='lat' dir='ltr'>satis</span> <span class='ocrx_word' id='word_1_323' title='bbox 302 4163 392 4217; x_wconf 88' lang='lat' dir='ltr'>eraut,</span> <span class='ocrx_word' id='word_1_324' title='bbox 415 4158 536 4226; x_wconf 88' lang='lat' dir='ltr'>nullique</span> <span class='ocrx_word' id='word_1_325' title='bbox 559 4158 684 4210; x_wconf 88' lang='lat' dir='ltr'>maiorem</span> <span class='ocrx_word' id='word_1_326' title='bbox 703 4157 808 4210; x_wconf 86' lang='lat' dir='ltr'>modum</span> <span class='ocrx_word' id='word_1_327' title='bbox 826 4158 953 4211; x_wconf 90' lang='lat' dir='ltr'>attribuit</span> <span class='ocrx_word' id='word_1_328' title='bbox 972 4155 1133 4223; x_wconf 67' lang='lat' dir='ltr'>(Romulus).</span> <span class='ocrx_word' id='word_1_329' title='bbox 1153 4187 1187 4196; x_wconf 90' lang='lat'><strong>—</strong></span> <span class='ocrx_word' id='word_1_330' title='bbox 1205 4157 1250 4211; x_wconf 82' lang='lat' dir='ltr'>nr.</span> <span class='ocrx_word' id='word_1_331' title='bbox 1269 4156 1335 4211; x_wconf 90' lang='lat' dir='ltr'>Curii</span> 
     </span>
     <span class='ocr_line' id='line_1_38' title="bbox 115 4239 1335 4313; baseline -0.004 -18"><span class='ocrx_word' id='word_1_332' title='bbox 115 4272 148 4281; x_wconf 91' lang='lat'><em>-</em></span> <span class='ocrx_word' id='word_1_333' title='bbox 165 4247 230 4297; x_wconf 88' lang='lat' dir='ltr'>nota</span> <span class='ocrx_word' id='word_1_334' title='bbox 248 4244 336 4297; x_wconf 88' lang='lat' dir='ltr'>oonoio</span> <span class='ocrx_word' id='word_1_335' title='bbox 354 4247 408 4313; x_wconf 66' lang='lat' dir='ltr'>estg</span> <span class='ocrx_word' id='word_1_336' title='bbox 427 4243 600 4311; x_wconf 85' lang='lat' dir='ltr'>perniciosum</span> <span class='ocrx_word' id='word_1_337' title='bbox 619 4242 743 4310; x_wconf 84' lang='lat' dir='ltr'>intellegi</span> <span class='ocrx_word' id='word_1_338' title='bbox 761 4243 852 4307; x_wconf 82' lang='lat' dir='ltr'>civem,</span> <span class='ocrx_word' id='word_1_339' title='bbox 872 4242 915 4295; x_wconf 88' lang='lat' dir='ltr'>oui</span> <span class='ocrx_word' id='word_1_340' title='bbox 924 4240 976 4293; x_wconf 91' lang='lat' dir='ltr'>VII</span> <span class='ocrx_word' id='word_1_341' title='bbox 993 4240 1087 4307; x_wconf 85' lang='lat' dir='ltr'>iugera</span> <span class='ocrx_word' id='word_1_342' title='bbox 1104 4256 1159 4293; x_wconf 90' lang='lat' dir='ltr'>non</span> <span class='ocrx_word' id='word_1_343' title='bbox 1169 4245 1259 4296; x_wconf 86' lang='lat' dir='ltr'>essent</span> <span class='ocrx_word' id='word_1_344' title='bbox 1269 4239 1335 4294; x_wconf 85' lang='lat' dir='ltr'>satis.</span> 
     </span>
     <span class='ocr_line' id='line_1_39' title="bbox 115 4324 1334 4396; baseline -0.002 -17"><span class='ocrx_word' id='word_1_345' title='bbox 115 4328 186 4380; x_wconf 87' lang='lat' dir='ltr'>Haeo</span> <span class='ocrx_word' id='word_1_346' title='bbox 205 4331 293 4382; x_wconf 87' lang='lat' dir='ltr'>autern</span> <span class='ocrx_word' id='word_1_347' title='bbox 313 4345 436 4383; x_wconf 89' lang='lat' dir='ltr'>mensura</span> <span class='ocrx_word' id='word_1_348' title='bbox 455 4328 542 4396; x_wconf 91' lang='lat' dir='ltr'>plebei</span> <span class='ocrx_word' id='word_1_349' title='bbox 561 4332 621 4395; x_wconf 89' lang='lat' dir='ltr'>post</span> <span class='ocrx_word' id='word_1_350' title='bbox 639 4333 744 4381; x_wconf 83' lang='lat' dir='ltr'>exactos</span> <span class='ocrx_word' id='word_1_351' title='bbox 763 4343 838 4396; x_wconf 89' lang='lat' dir='ltr'>reges</span> <span class='ocrx_word' id='word_1_352' title='bbox 857 4327 998 4395; x_wconf 84' lang='lat' dir='ltr'>adsignata</span> <span class='ocrx_word' id='word_1_353' title='bbox 1017 4327 1076 4378; x_wconf 88' lang='lat' dir='ltr'>est&#39;.</span> <span class='ocrx_word' id='word_1_354' title='bbox 1096 4324 1137 4378; x_wconf 92' lang='lat' dir='ltr'>De</span> <span class='ocrx_word' id='word_1_355' title='bbox 1148 4325 1174 4379; x_wconf 97' lang='grc'>11</span> <span class='ocrx_word' id='word_1_356' title='bbox 1194 4327 1293 4394; x_wconf 82' lang='lat' dir='ltr'>ingeris</span> <span class='ocrx_word' id='word_1_357' title='bbox 1306 4325 1334 4378; x_wconf 88' lang='grc'>61.</span> 
     </span>
     <span class='ocr_line' id='line_1_40' title="bbox 114 4410 893 4482; baseline 0.001 -19"><span class='ocrx_word' id='word_1_358' title='bbox 114 4410 170 4465; x_wconf 83' lang='lat' dir='ltr'>Mo.</span> <span class='ocrx_word' id='word_1_359' title='bbox 189 4411 223 4467; x_wconf 83' lang='lat' dir='ltr'>R.</span> <span class='ocrx_word' id='word_1_360' title='bbox 243 4413 276 4467; x_wconf 76' lang='lat' dir='ltr'>a.</span> <span class='ocrx_word' id='word_1_361' title='bbox 294 4418 320 4477; x_wconf 86' lang='lat'>1,</span> <span class='ocrx_word' id='word_1_362' title='bbox 337 4418 391 4468; x_wconf 80' lang='lat' dir='ltr'>raa</span> <span class='ocrx_word' id='word_1_363' title='bbox 407 4431 433 4466; x_wconf 82' lang='lat' dir='ltr'>a.</span> <span class='ocrx_word' id='word_1_364' title='bbox 452 4418 477 4469; x_wconf 89' lang='lat'>3.</span> <span class='ocrx_word' id='word_1_365' title='bbox 520 4412 605 4482; x_wconf 68' lang='lat' dir='ltr'>Vespr,</span> <span class='ocrx_word' id='word_1_366' title='bbox 626 4411 678 4466; x_wconf 81' lang='lat' dir='ltr'>Ra.</span> <span class='ocrx_word' id='word_1_367' title='bbox 698 4412 771 4466; x_wconf 79' lang='lat' dir='ltr'>Paa</span> <span class='ocrx_word' id='word_1_368' title='bbox 790 4417 834 4474; x_wconf 72' lang='lat' dir='ltr'>aa,</span> <span class='ocrx_word' id='word_1_369' title='bbox 852 4416 893 4466; x_wconf 85' lang='lat'>53.</span> 
     </span>
    </p>
   </div>
   <div class='ocr_carea' id='block_1_6' title="bbox 0 0 1462 4860">
    <p class='ocr_par' dir='ltr' id='par_1_10' title="bbox 0 0 1462 4860">
     <span class='ocr_line' id='line_1_41' title="bbox 0 0 1462 4860; baseline 0 1"><span class='ocrx_word' id='word_1_370' title='bbox 0 0 1462 4860; x_wconf 95' lang='lat' dir='ltr'> </span> 
     </span>
    </p>
   </div>
  </div>
 </body>
</html>
