2916 4860
116 344 177 409 158
453 378 456 384 -
586 336 682 391 Edicta
704 341 863 405 praetorum.

115 513 261 581 nomine¹
282 513 315 577 vi
338 511 509 590 ademerit,
539 510 689 591 quodque
710 508 832 573 familia
855 508 1114 588 publicanorum:
1143 509 1171 574 si
1193 510 1227 575 id
1248 511 1345 575 resti·

115 623 224 681 tutum
240 634 303 680 non
321 613 394 693 erit,
417 613 450 676 in
469 611 617 690 duplum3
636 615 695 675 aut
714 611 742 674 si
765 615 837 690 post
855 628 974 674 annum
993 615 1120 691 agetur,
1142 611 1177 675 in
1193 610 1342 692 simplum

118 719 272 783 iudicium
299 716 391 781 dabo.
435 714 518 778 Item
545 714 572 777 si
603 714 756 777 damnum
779 713 899 776 iniuria
929 710 1092 776 furtumve
1119 710 1244 777 factum
1275 731 1340 778 esse

119 821 259 898 dicetur,
283 818 438 883 iudicium
462 815 556 880 dabo.
602 813 637 878 Si
668 814 717 893 iii,
742 815 783 879 ad
807 833 887 894 quos
909 832 949 877 ea
976 832 1027 878 res
1050 814 1248 895 pertinebit,
1280 833 1338 878 non

118 917 387 998 exhibebuntur,²
416 919 450 980 in
473 917 617 981 dominos
648 917 717 981 sine
747 934 849 980 noxae
878 915 1040 980 deditione
1068 916 1224 980 iudicium
1249 916 1336 980 dabo.

116 1023 171 1103 (U.
195 1025 243 1086 55.
262 1021 308 1086 D.
332 1024 385 1099 39,
408 1021 484 1099 4,1
500 1017 568 1101 pr.)

203 1124 257 1187 De
281 1120 623 1203 praediatoribusf.
663 1119 718 1200 (U.
740 1122 790 1183 56.
814 1120 858 1183 1).
879 1123 932 1197 56,
957 1123 1007 1198 16,
1029 1120 1095 1203 46.)

205 1226 262 1289 De
284 1224 320 1288 vi
335 1225 517 1289 bonorum
535 1226 754 1302 raptorum.
796 1222 824 1285 l.
848 1221 880 1286 Si
900 1223 951 1286 cui
967 1223 1039 1286 dolo
1057 1222 1141 1288 malo
1160 1222 1333 1287 bominibus

118 1328 237 1392 coactis
269 1326 378 1391 damni
405 1325 483 1406 quid
505 1323 629 1389 factum
651 1343 721 1389 esse
744 1325 885 1404 dicetur,
917 1326 984 1388 sive
1012 1323 1104 1389 cuius
1133 1323 1220 1388 bona
1247 1329 1331 1405 rapta

119 1447 190 1493 esse
205 1428 362 1505 dicentur,
377 1427 504 1505 ineum,
516 1426 614 1506 quiid
629 1423 742 1490 fecisse
757 1425 892 1504 dicetur,
906 1425 1061 1489 iudicium
1076 1424 1171 1490 dabo.
1215 1427 1295 1490 Item
1309 1427 1329 1488 si

119 1548 231 1593 servus
254 1527 366 1592 fecisse
385 1527 521 1607 dicetur,
544 1527 577 1590 in
594 1528 757 1592 dominum
778 1527 932 1591 iudicium
950 1527 1066 1590 noxale
1085 1528 1183 1607 dabo,
1218 1526 1273 1609 (U.
1289 1531 1327 1590 56.

118 1635 161 1697 D.
184 1621 238 1709 47,
258 1635 289 1709 8,
311 1634 335 1694 2
352 1626 423 1712 pr.)
850 1653 851 1656 ¹

203 1731 233 1797 2.
273 1730 371 1796 Cuius
395 1730 467 1796 dolo
489 1731 573 1796 malo
596 1731 629 1795 in
652 1730 750 1795 turbu
774 1730 925 1794 damnum
955 1730 1030 1812 quid
1052 1728 1175 1795 factum
1200 1749 1270 1795 esse
1291 1731 1326 1794 di·

119 1838 224 1898 cetur:
246 1835 279 1897 in
303 1852 376 1898 eum
399 1833 542 1912 manno,
568 1851 631 1912 quo
650 1833 790 1914 primum
813 1833 853 1896 de
875 1851 914 1896 ea
932 1850 967 1895 re
986 1832 1177 1914 experiundi
1199 1836 1327 1914 potestas

119 1932 227 2014 fuerit,
251 1935 284 1997 in
301 1935 444 2015 duplum,
462 1939 536 2015 post
556 1953 673 1998 annum
691 1935 724 1998 in
743 1934 893 2014 simplum
911 1934 1067 1998 iudicium
1086 1933 1178 1998 dabo.
1215 1934 1273 2016 (U.
1289 1937 1327 1998 56.

119 2036 164 2099 1).
185 2041 237 2115 47,
260 2041 291 2115 s,
314 2041 336 2099 4
354 2035 423 2119 pr.)

207 2136 236 2199 3.
279 2138 316 2201 In
340 2156 427 2218 euru,
461 2137 516 2219 qui
539 2155 577 2200 ex
599 2136 757 2216 incendio,
788 2137 896 2216 ruina,
929 2135 1115 2218 naufragio,
1148 2143 1234 2217 rate,
1260 2154 1328 2202 nave

120 2242 305 2321 expugnata
330 2239 407 2320 quid
430 2239 577 2320 rapuisse
594 2239 754 2319 recepisse
773 2239 846 2302 dolo
861 2238 956 2318 malo,
979 2239 1129 2304 damnive
1149 2241 1227 2321 quid
1244 2241 1275 2304 in
1290 2240 1328 2304 his

121 2341 219 2406 rebus
242 2341 371 2405 dedisse
394 2340 537 2404 dicetur:
571 2340 604 2402 in
627 2339 844 2420 quadruplum
867 2340 900 2403 in
923 2358 1020 2420 anno,
1052 2358 1116 2422 quo
1139 2342 1278 2421 primum
1297 2340 1327 2403 de

122 2460 161 2506 ea
186 2460 221 2506 re
240 2441 428 2522 experiundi
443 2445 591 2520 potestas
608 2438 715 2518 fuerit,
741 2446 815 2520 post
831 2458 951 2505 annum
966 2441 999 2504 in
1018 2441 1170 2522 simplum
1188 2443 1327 2507 iudicium

123 2544 224 2609 dabo:
256 2544 335 2607 item
365 2544 397 2607 in
428 2560 557 2606 servum
589 2549 622 2607 et
649 2543 682 2606 in
706 2541 862 2607 familiam
893 2542 1046 2607 iudicium
1073 2544 1165 2609 dabo.
1210 2544 1265 2627 (U.
1287 2546 1326 2606 66.

120 2646 164 2710 Ι).
186 2651 237 2724 47,
261 2649 290 2726 9,
310 2649 412 2728 rpr.)

205 2748 259 2813 De
281 2749 461 2812 iniuriis.
507 2745 534 2809 1.
558 2747 621 2824 Qui
649 2747 718 2828 agit
740 2748 946 2827 iniuriarum,
978 2753 1102 2812 certum
1129 2750 1232 2830 dicat,
1263 2747 1325 2830 quid

121 2851 257 2916 iniuriae
279 2848 403 2914 factum
426 2850 482 2929 sit,
507 2852 555 2914 et4
577 2850 775 2913 taxationem
799 2857 899 2930 ponat
920 2869 984 2913 non
1005 2846 1216 2936 m[cilorem⁵,
1243 2867 1325 2933 qnam

121 2953 235 3035 quanti
258 2951 475 3016 vadimonium
497 2949 621 3015 fueriti

205 3052 234 3118 2.
267 3052 330 3129 Qui
358 3053 513 3117 adversus
536 3052 634 3116 bonos
657 3070 762 3116 mores
785 3053 960 3117 convicium
984 3055 1036 3118 cui
1058 3053 1187 3136 fecisse,
1211 3056 1324 3120 cuiusve

120 3174 218 3236 opera
240 3153 362 3219 factum
385 3173 454 3218 esse
481 3153 621 3234 dicetur,
650 3173 712 3237 quo
736 3154 891 3218 adversus
913 3156 1013 3220 bonos
1035 3174 1141 3222 mores
1164 3158 1324 3222 convicium

120 3256 226 3322 fieret:
249 3257 283 3320 in
306 3276 378 3321 eum
401 3256 557 3321 iudicium
580 3256 675 3321 dabo.

206 3356 235 3422 3.
280 3357 328 3422 Ne
344 3360 421 3441 quid
439 3356 616 3423 infamandi
634 3376 733 3431 causa
750 3355 818 3421 fiat.
860 3356 975 3439 Siquis
994 3358 1149 3424 adversus
1168 3379 1207 3425 ea
1221 3357 1324 3432 fecerit,

122 3461 230 3542 prouti
253 3479 399 3541 quaeque
422 3479 474 3525 res
498 3461 569 3540 erit,
593 3460 872 3524 animadvertaml.

206 3560 235 3623 4.
280 3559 342 3637 Qui
367 3580 495 3626 servum
520 3562 659 3626 alienum
682 3562 837 3627 adversus
859 3563 959 3627 bonos
982 3581 1088 3627 mores
1110 3563 1322 3634 verberavisse,

122 3664 201 3727 deve
217 3681 254 3726 eo
272 3663 398 3727 iniussu
414 3664 534 3728 domini
549 3661 767 3747 quaestiOnem
779 3665 930 3730 babuisse
945 3665 1086 3730 dicetur:
1109 3666 1142 3730 in
1162 3685 1234 3731 eum
1255 3661 1322 3729 iudi-

191 3868 216 3930 1)
233 3865 300 3918 Bas.
319 3867 361 3926 56,
379 3869 403 3929 1,
421 3868 453 3918 1.-
471 3865 601 3933 ’ὀνόματι
619 3872 671 3920 τοῦ
688 3864 806 3929 τέλους’.
825 3896 858 3904 -
876 3867 903 3930 2)
922 3865 982 3920 Fu:
1001 3866 1037 3919 ‘id
1056 3896 1089 3904 —
1106 3866 1285 3922 exhibebitur.’
1299 3887 1323 3898 ⁶

122 3953 148 4013 3]
166 3950 310 4004 Rubricam
335 3948 443 4002 exhibet
465 3950 527 4003 Gai.
551 3951 579 4002 in
600 3950 637 4003 D.
656 3953 700 4011 23,
724 3955 749 4015 3,
771 3954 812 4004 54.
848 3951 1010 4004 Adiunctum
1033 3951 1115 4004 fnisse
1138 3953 1208 4006 hunc
1230 3950 1324 4006 titulun

122 4037 205 4091 titulo
223 4035 255 4088 de
273 4033 430 4101 publicanis,
448 4035 572 4102 colligere
589 4035 653 4088 licet
672 4052 685 4088 e
703 4035 739 4091 D.
758 4040 800 4098 39,
818 4039 842 4100 4,
860 4040 891 4099 4;
909 4040 952 4103 56,
970 4039 1012 4095 16,
1031 4040 1072 4089 39.
1091 4040 1134 4092 40.
1153 4068 1186 4078 -
1203 4038 1228 4101 4)
1246 4033 1324 4095 Verba,

123 4137 190 4190 quae
207 4122 370 4188 sequuntur,
393 4120 421 4171 in
440 4117 494 4186 dig.
513 4120 617 4185 omissa,
640 4121 767 4189 leguntur
788 4122 817 4174 in
837 4120 902 4174 Coll.
919 4125 946 4183 2,
965 4125 989 4186 6,
1006 4125 1031 4174 1.
1050 4152 1083 4160 -
1100 4125 1127 4189 b)
1145 4123 1189 4177 lta
1205 4120 1275 4176 Rau.
1290 4131 1325 4185 pr⁰

123 4206 278 4259 ‘minorem'.
300 4234 333 4243 -
352 4206 379 4272 6)
404 4204 468 4258 Ooll.
493 4208 520 4270 2,
543 4209 568 4267 6,
585 4209 616 4259 4:
638 4205 757 4259 ‘formula
780 4207 913 4273 proposita
936 4209 987 4260 est:
1011 4206 1094 4272 ‘Quod
1117 4208 1149 4263 A.
1166 4208 1198 4261 A.
1219 4223 1235 4261 a
1255 4204 1285 4259 N.
1300 4199 1325 4254 N·

125 4306 213 4358 pugno
231 4291 301 4343 mala
317 4306 440 4358 percussa
464 4291 531 4344 est''.
553 4320 587 4329 -
608 4292 634 4356 7)
660 4290 727 4344 Ooll.
749 4294 775 4355 2,
794 4294 817 4354 6,
835 4295 867 4343 6.·
889 4291 934 4343 ‘sio
953 4291 1023 4344 enim
1042 4294 1069 4344 et
1087 4292 1200 4346 formula
1216 4288 1325 4355 conceptu

124 4378 179 4428 est:
199 4373 282 4439 'Quod
299 4374 338 4428 Ns
357 4375 395 4429 Ns
413 4375 503 4428 sillum
521 4374 638 4438 (sibilum
655 4375 724 4442 Hu.)
741 4376 843 4429 inmisit
861 4376 900 4429 Ao
917 4375 956 4428 Ao
973 4376 1120 4430 infamandi
1138 4377 1240 4431 causu''.
