2916 4860
669 398 773 452 Festus.
1277 401 1339 468 251

115 574 271 654 Optima
302 571 364 636 lex
387 621 393 636 .
416 621 423 637 .
446 573 479 635 in
502 570 659 650 magistro
683 569 794 651 populi
816 568 976 648 faciendo,
1007 571 1061 649 qui
1083 571 1179 652 vulgo
1202 572 1346 638 dictator

115 674 313 756 appellatur,
337 690 432 753 quam
456 671 676 753 plenissimum
699 676 810 750 posset
828 672 878 734 100
897 672 967 737 0100
986 689 1065 750 0000,
1085 670 1343 754 significabatur;

69 778 89 809 '
113 812 157 822 —
178 771 355 858 postquam
377 792 453 838 vero
476 774 661 853 provocatio
685 772 725 836 ab
748 790 785 836 eo
808 772 1005 853 magistratu
1028 772 1068 836 ad
1091 775 1244 853 populum
1264 777 1341 841 dota

116 883 177 956 003,
200 895 284 959 quae
307 882 383 940 0030
404 894 468 940 000
488 880 569 947 0003,
588 874 728 938 desitum
746 878 795 938 est
814 874 899 938 adici
914 875 961 937 ‘ut
979 875 1103 955 optima
1121 875 1212 956 lege,'
1228 881 1344 957 utpote

115 980 287 1044 imminuto
317 978 388 1042 iure
411 977 557 1058 priorum
579 976 818 1056 magistrorum.
863 976 901 1039 L.
923 978 995 1039 198.
1041 976 1097 1041 ‘Ut
1119 978 1175 1057 qui
1198 979 1345 1059 optima

113 1083 186 1163 lege
217 1078 348 1145 fuerint'
381 1079 465 1143 adici
497 1078 593 1157 solet,
626 1095 697 1142 cum
720 1078 852 1158 quidam
875 1078 1088 1158 magistratus
1112 1083 1344 1146 creantur...

112 1184 151 1248 L.
174 1185 245 1248 189.

117 1285 240 1349 00000
262 1283 414 1365 antiquos
438 1282 559 1347 dixisse
581 1299 640 1362 pro
663 1298 769 1362 agere,
794 1281 979 1345 testimonio
1003 1287 1079 1345 sunt
1097 1286 1130 1346 03
1148 1288 1294 1349 00030000
1310 1290 1345 1348 03

116 1387 172 1467 qui
195 1404 281 1450 nunc
303 1385 432 1465 quidem
455 1383 571 1464 legati,
606 1389 682 1447 tunc
704 1401 780 1446 vero
804 1387 964 1459 oratores,
987 1384 1042 1464 qui
1066 1385 1144 1464 reip.
1172 1386 1345 1451 mandatas

113 1489 216 1570 partis
238 1486 388 1568 agebant.
410 1521 452 1531 -
474 1486 512 1548 L.
536 1488 607 1549 193.
633 1482 680 1565 (of.
701 1490 835 1545 oratores.
862 1490 897 1545 F.
915 1486 992 1567 182.)

114 1588 362 1655 Ordinarium
395 1587 555 1652 hominem
579 1587 704 1668 Oppius
737 1588 784 1650 ait
815 1587 878 1650 dici
909 1588 1039 1652 solitum
1062 1606 1205 1652 scurram
1229 1595 1262 1653 et
1283 1590 1344 1653 im·

114 1693 261 1773 probum,
285 1690 341 1771 qui
365 1690 495 1753 assidue
518 1690 551 1753 in
575 1689 688 1753 litibus
709 1695 905 1767 moraretur,
929 1690 970 1753 ob
993 1708 1130 1772 eamque
1154 1709 1286 1754 causam
1309 1692 1342 1754 in

114 1793 227 1858 ordine
250 1795 352 1876 staret
377 1791 567 1854 adeuntium
592 1795 785 1870 praetorem.
808 1827 852 1838 —
874 1791 910 1853 F.
934 1796 1007 1855 182.

115 1895 216 1960 0010
250 1893 455 1958 sacerdotum
479 1893 671 1956 aestimatur
694 1893 825 1956 deorum
848 1891 982 1975 [ordina
1010 1901 1047 1958 ot
1072 1893 1161 1978 deas]
1184 1895 1344 1959 maximus

70 2045 72 2047 >
115 1997 263 2078 quisque.
309 1994 469 2058 Maximus
491 1995 622 2058 videtur
645 2013 711 2074 rex,
734 1995 808 2058 dein
832 1994 946 2074 Dialis,
970 2000 1043 2075 post
1065 1995 1151 2060 hunc
1173 1995 1344 2075 Martialis

115 2102 233 2180 quarto
261 2097 330 2161 loco
355 2094 545 2176 Quirinalis,
578 2095 692 2178 quinto
719 2096 862 2177 pontitex
885 2097 1053 2175 maximus,
1075 2133 1119 2143 -
1141 2097 1226 2179 quod
1248 2098 1346 2161 iudex

115 2196 216 2281 atque
240 2198 364 2263 arbiter
386 2197 527 2262 habetur
549 2216 658 2262 rerum
686 2198 867 2263 divinarum
891 2198 1176 2281 humanarumque.
1220 2199 1256 2261 L.
1276 2201 1346 2263 185.

115 2301 313 2367 Osculana
332 2318 459 2381 pugna
475 2301 508 2363 in
521 2300 700 2379 proverbio,
712 2319 775 2381 quo
786 2297 1030 2381 significabatur
1038 2301 1140 2366 victos
1150 2302 1346 2380 vincere,-.

116 2401 285 2485 Significat
286 2422 327 2466 ur
342 2404 441 2518 etiam
460 2403 605 2466 osculo
624 2402 816 2481 savium-
835 2402 921 2483 quod
940 2403 1026 2467 inter
1045 2410 1198 2484 cognatos
1216 2403 1346 2483 propin·

116 2523 263 2589 quosque
282 2505 470 2569 institutum
488 2503 691 2584 abtantiquis
710 2509 769 2583 est,
785 2504 986 2586 maximeque
1001 2503 1190 2569 1000100οῙ..
1202 2505 1264 2571 ..L
1277 2509 1347 2569 197.

115 2606 270 2673 Ovibus
293 2607 421 2672 duabus
443 2605 526 2670 mult
529 2607 629 2671 abant
615 2612 671 2669 tur
687 2607 772 2686 apud
791 2612 847 2671 ant
850 2609 943 2688 iquos
962 2607 995 2670 in
1014 2607 1190 2672 minoribus
1210 2607 1318 2671 delict
1293 2611 1347 2686 300,

115 2716 156 2773 03
177 2709 212 2773 10
235 2708 411 2773 maioribus
435 2707 546 2770 XXX
561 2708 680 2786 30300,2
697 2726 756 2772 000
774 2707 860 2775 hunc
878 2709 966 2771 ultra
984 2726 1152 2773 numerum
1171 2707 1348 2773 excedebat

115 2810 289 2888 multati03
312 2810 366 2875 sed
387 2816 598 2890 posteaquam
621 2826 695 2872 aere
719 2809 845 2889 signato
863 2810 913 2872 031
932 2809 1047 2873 civitas
1066 2811 1199 2890 coepit,³
1217 2827 1348 2889 pecora-

116 2933 181 2996 que
212 2913 393 2978 multaticia
427 2912 553 2976 incuria
586 2910 890 2990 corrumpebantur,
930 2910 1014 2974 unde
1046 2911 1143 2974 etiam
1179 2911 1349 2990 peculatus

115 3017 239 3080 crimen
258 3014 408 3095 usurpari
426 3019 575 3094 coeptum
591 3017 649 3092 est,
668 3011 756 3077 iacta
775 3013 960 3077 aestimatio
978 3012 1136 3093 pecoralis
1154 3012 1287 3089 multae,
1308 3017 1343 3074 et

115 3118 219 3183 boves
242 3117 385 3180 centenis
399 3116 535 3195 assibus,
552 3133 627 3178 oves
646 3115 737 3178 denis
754 3115 955 3179 aestimatae.
975 3113 1055 3178 lnde
1075 3132 1225 3194 suprema
1244 3114 1348 3177 multa

116 3220 139 3283 i.
156 3238 182 3283 e.
207 3219 357 3298 maxima,
380 3217 563 3298 appellatur
586 3217 650 3280 tria
672 3217 772 3281 millia
794 3217 892 3295 aeris3
916 3217 993 3279 item
1016 3216 1149 3280 vicessis
1172 3215 1350 3279 minoribus

119 3321 259 3386 delictis.
291 3320 328 3383 L.
347 3323 424 3384 202.
449 3319 649 3400 (0131003000.)

190 3453 309 3520 )1Ρ330.
328 3453 388 3508 bist.
406 3459 462 3509 aot.
481 3457 523 3516 14,
541 3456 590 3506 13:
608 3452 695 3515 ’00
715 3449 773 3504 ideo
791 3452 951 3520 propinquos
970 3452 1076 3505 lerninis
1094 3451 1212 3504 osculum
1230 3450 1300 3512 dare,
1318 3453 1351 3502 ut

116 3539 232 3604 scirent,
251 3554 285 3593 00
302 3540 434 3592 temetum
452 3539 480 3602 (3.
499 3555 518 3592 0.
537 3539 638 3602 ranam)
656 3537 766 3590 olerent
746 3535 860 3589 tNon
879 3536 978 3589 licebat
997 3536 1024 3589 id
1043 3535 1170 3589 10001010
1184 3535 1350 3589 31300010-

116 3625 292 3678 venimus-
310 3624 413 3690 Egnati
430 3623 532 3677 Meceni
550 3639 665 3689 uxorem,
683 3621 753 3691 qnod
771 3621 862 3675 vinum
880 3622 1045 3676 bibisset-
1044 3621 1241 3688 i,nterfectam
1258 3620 1323 3674 fust
1302 3625 1351 3674 tra

116 3709 227 3774 0000130,
245 3723 358 3776 eumque
378 3706 496 3767 caedis
484 3725 501 3762 a
518 3709 630 3762 Romulo
647 3707 815 3760 absolutum'.
848 3706 905 3760 Vol.
924 3706 1001 3760 Mox.
1020 3709 1045 3770 6,
1062 3709 1087 3770 3,
1105 3707 1204 3761 0..·9’
1207 3722 1259 3760 000
1277 3721 1350 3759 0000-

116 3796 208 3847 satore
227 3796 333 3847 tantum
344 3792 436 3846 0013
408 3797 436 3846 03
438 3793 491 3846 iam
510 3792 697 3862 reprehensore
716 3792 801 3844 caruit
819 3791 847 3844 id
865 3792 988 3846 iactum.
1013 3791 1097 3845 Dion.
1115 3797 1144 3857 2,
1161 3791 1236 3845 25st
1238 3811 1266 3846 οι
1284 3808 1349 3859 coy-

117 3887 216 3950 γενεῖς
238 3877 312 3945 μετὰ
334 3885 387 3933 τοῦ
409 3875 513 3951 ἀνδρὸς
538 3876 582 3933 tol
583 3879 737 3944 καζονμ-
756 3873 788 3932 01
805 3896 847 3941 τις
871 3872 953 3932 οἶνον
975 3873 1110 3950 εὑρεθείη
1136 3884 1243 3932 πιοῦσα
1262 3861 1350 3945 γυνή.

117 3964 188 4018 Geli.
208 3967 254 4030 10,
271 3967 315 4016 23
350 3963 424 4016 Dea
446 3963 503 4015 Ter.
523 3962 597 4016 an.
616 3967 641 4028 3,
659 3967 687 4026 2
704 3966 777 4017 3
799 3963 824 4028 3)
844 3961 918 4014 Plio.
937 3956 962 4014 3.
981 3979 1007 4014 0.
1028 3959 1350 4027 18,3,11;’Μο13030013(0

116 4065 172 4103 000
201 4048 254 4101 0101
283 4048 369 4101 ovium
389 4048 518 4116 boumque
537 4047 671 4116 impendio
689 4047 794 4101 dicebat
782 4051 839 4110 300,
862 4063 914 4100 000
931 4048 1079 4101 omittenda
1096 4047 1241 4114 priscarum
1260 4044 1351 4110 legum

118 4132 313 4187 benivolentia.
350 4133 465 4187 Cautum
484 4134 580 4201 quippe
599 4137 654 4196 est,
677 4149 710 4185 ne
729 4132 822 4186 bovem
840 4133 912 4200 prius
931 4149 1009 4200 quam
1028 4148 1103 4186 ovem
1121 4130 1281 4192 nominaret,
1305 4128 1351 4197 qni

117 4218 250 4273 indiceret
238 4217 403 4272 tmultam’.
422 4218 455 4270 01
475 4217 530 4271 Cic.
555 4234 635 4285 supra
652 4217 687 4270 ad
705 4237 728 4268 v.
748 4217 863 4285 locuple
863 4233 890 4270 00
900 4221 989 4270 00
1006 4217 1035 4285 3)
1053 4217 1128 4270 Plio.
1146 4215 1163 4267 l.
1183 4231 1216 4267 c.:
1235 4213 1352 4266 ‘Servius

117 4320 164 4357 rex
188 4296 280 4356 ov'iuni
300 4301 432 4370 boumque
456 4302 546 4371 effigie
569 4303 671 4368 primus
693 4318 737 4355 aes
762 4301 897 4369 signavit'.
869 4301 977 4354 tId
995 4305 1036 4365 33,
1054 4305 1079 4364 3,
1100 4304 1145 4352 43:
1173 4298 1288 4351 ‘Servius
1306 4315 1352 4351 rex

118 4389 221 4457 primus
245 4385 365 4454 signavit
388 4404 445 4452 00ος
472 4391 520 4440 003
522 4403 553 4440 00
578 4387 639 4440 rudi
661 4403 722 4440 usos
742 4387 841 4440 Romae
860 4387 985 4439 Timaeus
1007 4385 1101 4438 tradit.
1145 4384 1288 4451 Signatum
1310 4386 1354 4437 est

118 4479 184 4528 0030
201 4470 343 4541 pecudum,
360 4471 430 4525 unde
452 4476 479 4525 et
500 4472 612 4538 pecunia
629 4471 782 4538 appellata'.
