2916 4860
122 317 145 379 4
188 298 189 302 ¹
240 316 243 321 '
636 314 721 382 Leges
740 313 839 382 regiae.

124 485 187 572 ἔθη
210 488 287 574 περὶ
310 486 370 562 τὰς
392 488 604 570 πατρωνείας
626 483 750 550 τοιάδε·
783 482 863 558 τοὺς
885 485 947 568 μεν
969 486 1167 566 πατρικίους
1190 482 1257 548 6666
1281 495 1355 560 τοῖς

125 588 256 654 ἑαυτῶν
286 586 447 665 πελάταις
472 590 662 673 ἐξηγεῖσθαι
688 587 730 652 τά
760 587 889 665 δίκαια,
913 623 954 631 -
987 586 1081 662 δίκας
1107 610 1144 650 τε
1172 583 1256 669 ὑπὲρ
1279 592 1354 651 τῶν

123 696 279 756 πελατῶν
304 687 538 775 ἀδικουμένων
569 687 760 774 λαγχάνειν,
790 727 831 735 -
859 690 913 753 καὶ
943 702 1016 763 τοῖς
1046 689 1244 771 ἐγκαλοῦσιν
1274 686 1354 754 ὑπέ-

120 816 193 876 χειν
217 831 264 857 -.
285 793 366 869 τοὺς
387 793 424 857 66
442 790 589 868 πελάτας
607 792 674 857 ἔδει
689 806 762 866 τοῖς
777 790 909 856 ἑαυτῶν
932 788 1139 874 προστάταις
1161 793 1354 874 θυγατέρας

123 919 160 960 τε
180 895 438 960 συνεκδίδοσθαι
456 896 674 979 γαμουμένας,
691 894 719 959 εἰ
738 895 930 975 σπανίζοιεν
954 891 985 957 οἱ
1003 894 1144 976 πατέρες
1159 890 1353 978 χρημάτων,

122 999 179 1061 καὶ
209 992 315 1081 λάτρα
341 995 563 1076 καταβάλλειν
585 998 771 1079 πολεμίοις,
802 995 830 1060 6'6'
853 1020 904 1071 τις
931 990 1049 1058 αἰετῶν
1075 990 1095 1078 ἢ
1120 996 1256 1059 παίδων
1280 995 1352 1078 αίχ-

122 1095 278 1182 μάλωτος
308 1100 453 1183 γένοιτο·
487 1099 581 1174 δίκας
607 1122 643 1163 τε
678 1095 834 1163 ἁλόντων
862 1092 999 1172 ἰδίαςί
978 1122 997 1183 η
1026 1099 1140 1182 ζημίας
1167 1093 1353 1177 ὀφλόντων

124 1201 281 1319 δημοσίας
311 1196 494 1285 άργνρικδν
520 1198 661 1283 ἐχούσας
694 1203 816 1285 τίμημα
839 1200 876 1265 ἐκ
899 1203 969 1263 τῶν
991 1199 1089 1263 ἰδίων
1111 1196 1253 1265 λύεσθαι
1273 1223 1351 1302 χρη-

122 1299 240 1385 μάτων
271 1339 312 1348 -
355 1308 451 1386 κοινῇ
489 1297 519 1365 δ
556 1298 760 1424 ἀμφοτέροις
797 1295 877 1367 6666
917 1293 1012 1366 όσιον
1050 1294 1128 1365 οὔτε
1164 1302 1262 1386 θέμις
1298 1304 1352 1388 ἠν,

123 1417 321 1489 κατηγορεῖν
348 1400 544 1487 άλληλων’
531 1401 586 1471 επὶ
616 1399 756 1480 δίκας”
736 1429 756 1488 η
779 1415 1049 1523 καταμαρτυρεῖν
1070 1397 1091 1487 ίγ
1114 1406 1232 1488 ψῆφον
1254 1403 1351 1468 ἐναν-

123 1508 199 1572 τίαν
222 1506 395 1590 ἐπιφέρειν
418 1543 466 1570 -.
501 1505 529 1570 εἰ
559 1507 599 1571 δέ
628 1530 679 1583 τις
700 1507 908 1590 ἐξελεγχθείη
931 1501 1067 1569 τούτων
1089 1527 1123 1568 τι
1146 1503 1351 1588 διαπραττό-

121 1632 231 1692 μενος,
246 1606 367 1690 ἐ’νοχος
383 1611 426 1694 ην
440 1611 491 1692 τῷ
508 1605 602 1692 νόμῳ
618 1612 678 1692 τῆς
692 1608 885 1692 προδοσίας)
901 1600 942 1673 δν
959 1601 1016 1671 ἑκά
1020 1603 1160 1730 ρωσενό
1176 1604 1351 1690 Ῥωμύλος,

121 1697 246 1776 τόνδε
269 1707 396 1776 ἁλόντα
419 1715 469 1782 coi
491 1712 685 1794 βουλομένην
718 1712 863 1774 κτείνειε
894 1701 989 1775 ὅσιον
1021 1711 1062 1793 ην
1086 1705 1133 1784 ως
1161 1714 1256 1792 θῦμα
1288 1715 1352 1774 τοῦ

122 1815 353 1895 καταχθονίου
376 1810 484 1887 Διός.1

207 1913 236 1977 3
261 1915 357 1978 Dio'ca.
375 1914 569 1996 (2.12.16).·2
588 1912 621 1980 Ὁ
640 1915 675 1979 66
690 1910 863 1997 Ῥωμύλος,
881 1909 997 1997 ἐπειδὴ
1016 1935 1124 2012 ταυτα
1143 1909 1351 1997 διεκόσμησε

120 2013 305 2095 βουλευτάς
335 2010 478 2090 66669'
470 2015 557 2100 ε’γνω
587 2012 878 2140 καταστησασθαι,
914 2009 989 2099 μεθ’
1025 2003 1076 2077 ὧν
1110 2010 1275 2097 πράττειν
1308 2012 1351 2078 τά

121 2115 219 2182 κοινά
247 2115 399 2202 ἔμελλεν,
430 2117 468 2183 66
500 2123 571 2183 τῶν
592 2119 782 2202 πατρικίων
806 2112 966 2200 άνδρας
955 2113 1080 2181 εκατδν
1106 2113 1349 2198 ἐπιλεξάμενος

123 2255 162 2263 -
185 2217 479 2305 καταστησάμενος
502 2219 542 2304 δὴ
565 2225 673 2285 ταῦτα
697 2220 840 2303 διέκρινε
869 2216 929 2294 τάς
951 2255 992 2264 -
1015 2218 1176 2296 ἐξουσίας,
1205 2211 1245 2294 άς
1276 2215 1348 2282 εκά-

121 2338 221 2396 στους
243 2318 401 2400 ἐβούλετο
425 2320 519 2405 ἔχειν.

207 2427 342 2487 Βασιλεῖ
363 2425 424 2509 μὲν
454 2414 517 2488 οὖν
549 2419 687 2509 ἐξῄρητο
711 2420 791 2487 τάδε
815 2422 857 2487 τά
881 2423 969 2506 γέρα·
999 2423 1225 2505 πρῶτονμὲν
1248 2419 1351 2505 ἱεράν

125 2675 227 2739 alteris,
246 2678 345 2729 alteros
360 2692 490 2741 accusare,
509 2677 692 2730 testimonium
708 2677 847 2731 adversum
861 2677 947 2731 dicere
957 2678 1000 2735 vel
1020 2677 1347 2744 suffragiumcontrarium

121 2760 198 2816 ferre.
234 2760 309 2826 Quod
334 2761 357 2813 si
382 2761 441 2830 quis
463 2761 491 2814 in
512 2761 601 2829 aliquo
625 2762 754 2816 eiusmodi
780 2761 895 2816 facinore
921 2763 1056 2816 convictus
1085 2765 1167 2828 esset,
1189 2759 1348 2828 proditionis

119 2847 190 2914 lege,
209 2862 287 2915 quam
297 2845 425 2899 Romulus
443 2849 575 2910 sanxerat,
594 2848 719 2901 obnoxius
737 2847 799 2911 fuit,
817 2863 930 2916 eumque
948 2847 1105 2909 interficere,
1124 2849 1154 2898 ut
1164 2846 1225 2899 Diti
1234 2861 1347 2909 sacrum,

119 2930 229 2985 cuilibet
251 2930 372 2999 licebat).
400 2930 441 2984 Cf.
464 2930 539 2984 Prae.
564 2931 641 2984 Rom.
666 2935 708 2984 13.

188 3016 212 3081 1)
234 3015 318 3068 Vetus
342 3020 383 3069 est
411 3015 584 3083 disceptatio,
602 3019 692 3069 utrum
713 3012 764 3089 ιτῷ
788 3013 868 3087 νόμῳ
894 3028 943 3085 της
972 3015 1137 3085 προδοσίας
1157 3015 1290 3083 generalis
1313 3015 1346 3068 de

117 3099 265 3168 proditione
283 3102 325 3153 lex
343 3101 379 3154 sit
397 3100 587 3168 intellegenda,
606 3115 658 3169 qua
681 3104 807 3168 patronus
826 3116 927 3168 quoqne
946 3099 1070 3153 obnoxius
1088 3100 1146 3153 fieri
1164 3100 1291 3168 potuerit,
1314 3116 1347 3153 an

118 3184 241 3252 specialis
258 3184 291 3239 de
308 3185 415 3253 patroni
432 3185 558 3238 adversus
576 3185 700 3239 clientem
718 3185 817 3240 fraude.
853 3184 924 3238 Illud
951 3188 1011 3252 post
1035 3185 1101 3237 alios
1120 3184 1239 3240 defendit
1261 3185 1347 3238 Dieclr

119 3268 262 3331 (Versache
274 3287 304 3338 p.
323 3272 379 3337 15),
398 3271 513 3324 alterurn
532 3270 631 3324 rectius
649 3269 767 3336 Κσεῖίίκ,
786 3269 951 3339 (perduellio,
966 3287 996 3338 p.
1015 3272 1120 3334 21-7.)
1138 3269 1271 3335 'Eandem
1292 3287 1346 3324 esse

117 3354 216 3421 legem,
240 3371 318 3422 quarn
337 3357 389 3410 XII
406 3355 515 3409 tabulae
532 3355 593 3421 861
612 3355 745 3417 exhibent,
768 3356 911 3421 repetitam
933 3354 1035 3408 scilicet
1064 3372 1077 3408 e
1102 3355 1207 3408 Romuli
1232 3356 1346 3423 legibus,

118 3437 174 3490 veri
191 3437 277 3491 simile
296 3442 345 3492 est.
364 3440 398 3494 cf.
413 3440 539 3507 Dirlcrea,
558 3440 605 3509 lep.
623 3456 676 3508 rep.
695 3440 929 3502 286Mommeea,
949 3438 1143 3508 Foraclraupea
1160 3444 1184 3502 1,
1202 3443 1345 3494 366656.

124 3550 149 3558 —
169 3521 425 3587 2)6160muluseu1n
444 3525 509 3578 haec
531 3525 726 3588 constituisset,
750 3524 911 3577 consultores
929 3524 1070 3577 instituere
1089 3524 1219 3586 decrevit,
1238 3525 1345 3592 quibus-

118 3622 177 3660 cum
199 3622 241 3659 res
263 3608 381 3675 publicas
404 3609 618 3673 administraret,
642 3626 656 3663 e
679 3610 798 3677 patriciis
821 3610 843 3662 6
866 3611 936 3662 viros
959 3610 1069 3676 eligens.
1114 3609 1164 3661 His
1187 3610 1344 3663 constitutis

117 3691 256 3745 distribuit
282 3695 446 3760 potestates,
473 3711 538 3764 quas
566 3711 777 3764 unumquemque
805 3694 902 3749 habere
930 3694 1045 3750 volebat.
1089 3695 1126 3747 Ac
1153 3694 1211 3760 regi
1238 3694 1343 3761 quidem

117 3777 211 3831 haecce
235 3777 363 3831 attribuit
384 3779 454 3834 iura:
477 3781 591 3847 primum
613 3785 645 3834 ut
668 3797 800 3835 sacrorum
824 3783 852 3833 et
870 3779 1058 3833 sacrificiorum
1076 3778 1189 3832 haberet
1213 3779 1344 3847 princips-

117 3863 189 3928 τοῖα,
212 3865 271 3916 turn
294 3865 325 3915 ut
344 3863 433 3932 legum
451 3880 606 3933 morumque
623 3866 770 3932 patriorum
789 3867 859 3920 esset
878 3868 979 3930 custos,
1004 3864 1036 3917 de
1055 3862 1219 3933 gravioribus
1238 3863 1343 3917 delictis

117 3948 362 4016 ipsecognosceret,
380 3949 480 4002 leviora
489 3949 655 4002 senatoribus
664 3951 853 4015 committeret,
871 3954 995 4004 senatum
1004 3954 1031 4003 et
1041 3950 1165 4018 populum
1183 3953 1339 4002 convocaret

117 4034 144 4084 et
162 4033 188 4084 in
208 4033 278 4086 bello
296 4049 427 4086 summurn
446 4034 557 4089 haberet
575 4035 723 4103 imperium.
750 4036 868 4091 Concilio
886 4038 994 4089 senatus
1004 4034 1075 4088 hanc
1086 4035 1248 4102 potestatem
1258 4034 1342 4095 dedit,

117 4120 147 4168 ut
157 4116 318 4172 deliberaret
333 4122 361 4172 et
383 4119 539 4188 suffragium
558 4119 638 4175 ferret
655 4122 687 4175 de
706 4121 826 4190 qualibet
848 4138 885 4186 re,
904 4137 983 4189 quarn
1000 4137 1045 4174 rex
1063 4118 1097 4173 ad
1115 4135 1173 4172 eum
1193 4120 1341 4173 retulisset.

117 4200 217 4268 Populo
234 4219 294 4256 vero
313 4203 379 4257 haec
397 4205 450 4258 tria
467 4206 604 4268 concessit,
630 4208 807 4273 magistratus
833 4222 931 4273 creare,
957 4206 1031 4273 leges
1059 4206 1160 4258 sancire
1179 4208 1207 4258 et
1225 4204 1342 4258 debello

116 4285 263 4351 decernere,
281 4290 384 4356 quando
398 4306 441 4343 rex
451 4291 616 4357 rogationem
634 4291 667 4344 ad
685 4309 744 4346 eum
762 4293 878 4346 tulisset.
911 4291 1043 4359 Suffragia
1061 4292 1150 4343 autern
1169 4290 1272 4343 ferebat
1289 4306 1339 4343 non

117 4371 195 4425 simul
214 4376 288 4427 totus
307 4375 427 4443 populus,
445 4375 491 4428 sed
510 4377 631 4429 currerim
650 4380 823 4444 convocatus.)
