2916 4860
210 340 271 404 198
751 339 876 410 Negotia.

213 511 329 592 quibus
352 513 403 574 ael
426 513 617 591 permissum
640 514 692 591 sit,
713 511 890 577 aedifilcare
909 513 977 576 loco
996 514 1160 577 cannabae
1181 511 1185 597 Ι
1206 533 1225 577 a
1250 514 1316 578 solo
1335 514 1419 595 (acdi-

159 620 199 674 10.
206 615 315 694 ficta
264 614 430 694 amllirrris
449 614 498 678 sui
517 616 653 695 pecunia
673 613 677 699 Ι
697 634 763 688 sua,
785 621 895 696 presta
877 622 989 679 aturus
1009 613 1171 697 solandum
1191 616 1276 678 sicut
1295 618 1400 680 ceteri:

298 714 326 794 (l
331 716 350 792 ,Ι
377 715 487 780 Aelius
510 716 651 781 Achilles
677 716 721 782 Ol
744 718 933 799 Perpetuus
956 717 1128 781 Flavianus
1151 715 1320 798 Eutychus
1348 717 1418 798 Epa·

208 816 360 928 phrodito
388 835 445 880 suo
473 817 560 882 salut
547 823 619 881 tem.
648 816 652 901 Ι
678 819 818 899 Tegulas
847 837 956 883 omnes
984 824 1017 882 et
1044 820 1190 900 impensa
1219 817 1223 902 Ι
1252 820 1294 883 de
1318 821 1417 884 casulla
1448 872 1450 880 .

208 917 286 980 item
314 917 464 981 cannabis
489 914 552 1001 ΙθΙ
540 919 724 985 taedificiis
743 920 866 984 idoneis
886 921 1021 1002 adsigna
1039 917 1044 1003 Ι
1065 920 1205 985 Adrasto
1208 924 1416 1002 procuratori

209 1015 212 1097 Ι
242 1018 409 1082 columnae
431 1020 496 1083 divi
522 1021 639 1101 Marci,
667 1020 672 1106 Ι
692 1027 729 1085 ut
756 1023 799 1086 ad
821 1022 1021 1102 voluptatem
1044 1042 1137 1086 suam
1159 1023 1347 1104 hospijtium
1369 1024 1415 1088 sibi

157 1129 198 1182 20.
210 1125 366 1194 exstruat,
390 1122 475 1202 quod
498 1128 534 1185 ut
551 1122 561 1204 ΙΙ
578 1123 699 1188 habeat
721 1125 771 1188 sui
790 1123 870 1187 iuris
894 1128 925 1188 et
949 1124 988 1187 ad
1008 1124 1142 1188 heredes
1161 1125 1374 1189 transmittat.
1387 1160 1413 1168 -

210 1218 212 1303 Ι
233 1221 377 1286 Litterae
400 1223 499 1287 dutae
522 1224 600 1288 VIII
622 1226 694 1290 idus
715 1223 719 1307 Ι
739 1225 822 1306 Aug.
847 1226 968 1289 Romae
985 1225 1124 1288 Falcone
1147 1229 1179 1288 et
1200 1222 1203 1308 Ι
1226 1223 1323 1288 Claro
1344 1233 1413 1316 eost

295 1321 346 1404 (2.)
371 1325 481 1390 Aelius
499 1326 640 1391 Achilles
659 1323 904 1408 ClPerpetulus
920 1326 1094 1390 Flavianus
1104 1325 1274 1407 Eutychus
1293 1327 1414 1408 Aquilio

206 1423 314 1491 Felici.
337 1463 379 1472 -
396 1427 558 1492 Hadrasto
577 1428 742 1510 dugtusti)
762 1430 906 1508 lib(erto)
928 1426 931 1512 Ι
952 1429 992 1492 ad
1012 1426 1200 1505 aediticium,
1217 1427 1305 1509 quod
1325 1433 1414 1492 custo·

159 1524 291 1608 30.dilae
315 1547 414 1593 causa
437 1531 601 1595 columnae
629 1529 843 1615 centellnanae
872 1531 1006 1612 pecunia
1030 1549 1089 1594 sua
1111 1528 1349 1610 exstructurus
1370 1536 1414 1609 est,

207 1629 372 1711 tignorum
400 1631 497 1696 vehes
521 1629 525 1715 Ι
550 1633 672 1712 decem,
703 1634 816 1713 quanti
843 1630 918 1696 fisco
949 1629 1174 1712 constilterunt
1202 1648 1275 1693 cum
1301 1636 1413 1710 pontem

206 1730 346 1814 neceslse
368 1730 430 1795 luit
453 1735 623 1815 compingi,
648 1735 788 1814 petimus
808 1732 812 1819 Ι
833 1735 912 1798 dare
934 1733 1056 1797 iubeas.
1075 1768 1118 1777 -
1140 1731 1286 1796 Litterae
1307 1733 1395 1798 datae

207 1831 304 1897 XIIII
326 1833 390 1898 kal.
415 1833 501 1915 Sept.
525 1835 646 1900 Romae
669 1836 806 1901 Falcone
830 1840 863 1900 et
887 1834 983 1899 Claro
1007 1853 1068 1899 cos.
1090 1831 1094 1917 Ι

272 1934 351 2020 ·(3.)
374 1937 562 2002 Rationales
590 1937 663 2002 Seio
687 1937 862 2018 Superstiti
881 1935 886 2021 Ι
906 1943 939 2002 et
965 1926 1066 2001 Fabio
1088 1937 1217 2017 Magno.
1240 1972 1283 1980 —
1311 1936 1413 2000 Procu-

153 2043 195 2097 40.
207 2037 305 2119 raltor
329 2039 515 2119 columnate)
541 2042 744 2104 centenariae
763 2037 768 2123 Ι
788 2039 853 2103 divi
871 2040 972 2103 Marci
1001 2043 1166 2102 exstruere
1185 2035 1412 2122 habilitatiouen

205 2141 237 2203 in
266 2141 471 2205 conterminis
496 2139 500 2225 Ι
525 2142 603 2207 locis
632 2144 739 2206 iussus
767 2138 848 2223 opus
879 2139 1111 2223 adgredIeltur,
1140 2141 1167 2204 si
1195 2141 1412 2205 auctoritatem

205 2240 356 2324 vesltram
378 2244 547 2322 acceperit.
571 2240 715 2308 Petimus
735 2243 740 2328 Ι
760 2244 870 2324 igitur,
894 2262 1012 2324 aream,
1031 2261 1128 2323 quam
1147 2242 1412 2324 demolnstraverit

206 2343 366 2407 Adrastus
396 2342 560 2427 lib(ertus)
579 2342 585 2428 Ι
605 2346 723 2409 domini
746 2347 886 2426 ntostril,
911 2345 1075 2426 adsignari
1098 2346 1125 2408 ei
1150 2343 1311 2426 inhalatis,
1333 2362 1410 2426 prae·

206 2449 331 2509 staturo
360 2446 535 2510 secundum
561 2444 566 2531 Ι
595 2448 775 2527 exemplum
799 2452 977 2511 ceterorum
1007 2444 1179 2527 sollarium.
1208 2481 1251 2492 —
1278 2447 1409 2510 Litterae

153 2550 194 2604 50.
206 2548 304 2611 datae
321 2546 331 2629 ΙΙ
348 2547 410 2614 VII
432 2548 505 2613 idus
528 2548 614 2630 Sept.
637 2549 774 2629 Romae3
797 2546 955 2632 redlditae
978 2548 1043 2612 IIII
1065 2548 1139 2611 idus
1162 2547 1251 2628 Sept.
1276 2549 1386 2612 Romae

204 2649 306 2714 isdem
329 2668 414 2733 cos}

488 2872 543 2937 XI.
588 2871 820 2938 OBLIGATIO
844 2871 1137 2937 PRAEDIORUM.

365 3011 392 3072 1.
438 3011 491 3074 Ex
514 3010 774 3073 Institutione
799 3009 1047 3074 alimentaria
1070 3008 1260 3074 Traiani.⁹

512 3165 541 3208 a.
587 3151 718 3206 Tabula
740 3149 889 3206 Veleias.
920 3149 1029 3226 (1031).
1054 3146 1113 3219 Cl³

288 3263 431 3346 Obligat
422 3284 452 3329 ro
481 3264 684 3345 praediorum
716 3265 755 3329 ob
788 3263 841 3327 HS
875 3264 1001 3327 deciens
1033 3263 1253 3343 quadraginta
1285 3268 1408 3345 quatuor

202 3366 290 3494 milia
319 3365 573 3447 Ι104400οΙννΙ
599 3385 638 3430 ex
665 3365 844 3446 indulgeut'
836 3384 866 3429 ra
893 3371 949 3445 opt
950 3365 1005 3429 imi
1043 3365 1239 3444 maximique
1271 3363 1408 3447 principis

271 3552 296 3614 1)
315 3552 385 3605 Haeo
407 3569 455 3605 vox
480 3552 575 3604 omissa
599 3550 672 3603 ridet
675 3567 705 3603 ur
731 3551 798 3603 vitio
823 3552 870 3602 aut
897 3551 1013 3602 auctoris
1036 3549 1109 3602 tituli
1128 3552 1176 3602 aut
1195 3550 1367 3617 quadratarii.
1383 3577 1409 3586 ·-

201 3636 228 3701 2)
238 3635 295 3688 Iam
304 3636 418 3689 Nervam
427 3637 610 3706 imperatorem
626 3635 735 3704 ‘puellas
750 3650 895 3704 puerosque
913 3639 988 3687 natos
999 3633 1153 3702 parentibus
1166 3635 1298 3701 egestosis
1316 3636 1408 3701 sumptu

201 3719 306 3789 publico
328 3736 374 3788 per
390 3721 485 3774 Italiae
510 3721 605 3788 oppida
623 3722 667 3774 ali'
686 3720 802 3783 iussisse,
820 3735 851 3772 ex
869 3720 939 3772 Aosr.
963 3719 1028 3773 Vict.
1046 3735 1085 3787 ep.
1103 3722 1147 3785 12,
1166 3723 1183 3772 4
1201 3723 1316 3774 constat.
1350 3720 1409 3786 Quae

201 3806 298 3859 inierat
317 3805 440 3871 consilia,
457 3806 492 3858 ad
510 3807 610 3858 exitum
628 3805 751 3872 perduxit
769 3803 896 3856 Traianus
914 3805 986 3872 imp,
1009 3805 1082 3872 isque
1100 3807 1157 3856 tam
1176 3804 1263 3858 solida
1281 3805 1409 3873 stabilique

201 3891 316 3954 ratione,
342 3892 372 3943 ut
394 3890 429 3942 ad
447 3891 642 3943 DiocletIanum
665 3906 747 3957 usque
771 3891 947 3957 permanserit
970 3891 1026 3942 eius
1044 3889 1188 3943 institutio.
1226 3891 1293 3943 Rem
1313 3889 1409 3944 confedt

201 3981 288 4030 certas
310 3976 433 4043 pecunias
456 3976 569 4042 singulis
593 3974 694 4042 oppidis
717 3973 903 4037 adtribuendo,
926 3991 1038 4042 quarum
1060 3990 1091 4026 ex
1114 3973 1205 4027 reditu
1230 3975 1359 4030 alimenta
1373 3989 1409 4042 per

200 4065 286 4116 certos
304 4060 480 4127 magistratus
497 4062 703 4127 praestarentur.
739 4058 954 4113 Adtributionem
976 4064 1066 4113 autem
1084 4076 1169 4127 neque
1186 4060 1228 4113 ita
1245 4062 1371 4126 instituit,
1385 4061 1409 4110 ut

201 4149 291 4200 nostro
308 4162 378 4199 more
396 4145 440 4212 pia
457 4160 571 4213 corpora,
589 4161 655 4213 quae
672 4160 842 4212 personarum
859 4144 914 4197 vice
933 4144 1116 4213 fungerentur,
1134 4146 1321 4212 constitueret
1339 4161 1409 4214 nequo

201 4232 241 4284 ita
258 4235 290 4285 ut
308 4232 432 4298 pecunias
450 4231 515 4297 ipsis
533 4230 688 4284 civitatibus
706 4229 928 4282 administrandas
946 4230 1114 4297 concederet,
1138 4230 1184 4284 sed
1204 4231 1245 4284 ita
1263 4238 1295 4287 ut
1312 4230 1408 4301 privatis

200 4315 363 4382 hominibus,
388 4316 482 4369 fundos
501 4313 708 4383 possidentibus,
732 4315 857 4380 pecunias
886 4314 968 4368 fenori
994 4315 1081 4377 daret,
1109 4316 1154 4383 qui
1172 4317 1284 4383 praedia
1301 4335 1348 4372 sua
1363 4320 1407 4370 tau

203 4415 247 4467 pro
265 4405 334 4455 sorte
352 4418 431 4469 quam
448 4417 495 4469 pro
513 4400 599 4452 usuris
616 4400 768 4468 imperatori
785 4400 829 4452 vel
846 4399 1006 4467 reipublicae
1025 4401 1183 4468 obligarent.
1221 4403 1314 4472 Neque
1332 4407 1407 4457 temen
