2916 4860
688 401 793 455 aestus.
866 483 867 486 Ν
1290 401 1353 467 aaa

122 576 356 643 comitiales
379 574 447 639 dies
470 574 692 654 appellabant,
716 590 787 636 cum
811 573 843 636 in
867 573 995 637 comitio
1018 573 1267 652 conveniebant3
1299 575 1353 655 qui

120 682 214 746 locus
238 696 257 741 a
277 677 433 756 coeundo,
457 676 477 740 i.
500 693 526 739 e.
550 675 680 739 insimul
702 675 869 752 veniendo,
893 679 942 738 cst
965 675 1080 739 dietus.
1126 673 1162 738 P.
1185 676 1238 739 38.

120 782 287 861 Compas
298 797 390 843 cuns
405 796 491 859 ager,
503 776 690 841 relictusad
701 777 897 856 pascendum
909 776 1249 843 communitervicinis.
1261 774 1352 838 1240.

119 880 390 963 Compraedes
413 879 555 943 eiusdem
578 879 626 941 rei
649 878 768 958 populo
792 895 970 957 sponsores.
1014 875 1048 939 Ρ.
1072 880 1124 940 39.

120 983 438 1049 Conciliabulum
460 981 558 1060 locus
581 981 637 1044 ubi
662 979 694 1042 in
719 980 888 1042 concilium
911 979 1107 1043 convenitur.
1151 977 1187 1041 P.
1213 980 1289 1042 38..

119 1084 336 1150 Concilium
367 1083 486 1148 dicitur
515 1101 534 1146 a
562 1081 672 1163 populi
700 1099 871 1153 consensu:
905 1081 971 1144 sive
995 1081 1161 1145 concilium
1192 1081 1352 1146 dicituro

120 1183 328 1263 concalando,
352 1186 371 1248 i.
396 1201 421 1247 e.
445 1183 596 1247 vocando.
630 1181 663 1246 P.
683 1186 735 1245 38.

120 1288 264 1353 Contio
287 1283 447 1367 significat
469 1288 675 1363 conventum,
706 1301 769 1346 non
793 1287 902 1347 tamen
926 1283 1040 1361 alium,
1069 1301 1164 1364 quam
1188 1302 1272 1361 eum,
1295 1285 1350 1364 qui

123 1410 143 1454 a
167 1389 367 1469 magistratu
389 1385 440 1450 vel
462 1405 482 1450 a
504 1386 674 1450 sacerdote
697 1385 826 1466 publico
849 1403 907 1464 per
929 1403 1120 1465 praeconem
1147 1392 1349 1450 convocatur.

120 1490 155 1555 Ρ.
181 1493 234 1554 38.

121 1591 337 1657 Condicere
359 1594 410 1654 est
433 1588 567 1654 dicendo
589 1587 791 1651 denuntiare.
836 1586 871 1650 P.
890 1590 947 1651 64.
1055 1630 1058 1636 -

120 1692 326 1758 Condictio
342 1692 374 1755 in
386 1691 469 1754 diem
489 1695 611 1754 certum
631 1689 762 1767 eiusrei,
783 1691 995 1770 quaeagitur,
1015 1691 1227 1756 denuntiatio.
1251 1690 1348 1754 Ρ.66.

120 1794 356 1861 Condictum
380 1798 438 1871 est,
462 1792 548 1873 quod
571 1792 603 1855 in
627 1809 793 1855 commune
816 1795 866 1854 est
889 1791 1018 1856 dietum.
1063 1791 1098 1855 P
1122 1795 1173 1854 39.

121 1895 352 1974 Conscripti
376 1893 576 1969 dicebantur,
601 1892 656 1974 qui
679 1910 718 1956 ex
741 1892 885 1972 equestri
909 1893 1019 1958 ordine
1042 1894 1192 1975 patribus
1210 1895 1348 1960 ascribe-

120 1999 254 2074 bantur,
276 2001 314 2059 ut
336 2013 487 2059 numerus
510 1998 696 2058 senatorum
719 1992 911 2074 expleretur.
956 1993 992 2058 P.
1015 1999 1065 2059 41.

121 2098 379 2189 Cousponsor
401 2097 597 2161 coniurator.
643 2094 677 2158 P.
702 2098 752 2158 59.

122 2199 338 2280 Consposos
360 2198 487 2279 antiqui
512 2198 663 2261 dicebant
686 2195 748 2261 fide
771 2201 882 2261 mutua
905 2198 1082 2280 colligatos
1127 2198 1161 2262 Ρ.
1185 2203 1237 2263 41.
1321 2201 1323 2205 ’

122 2300 354 2366 Contestari
377 2299 465 2364 litem
489 2298 642 2363 dicuntur
664 2298 727 2362 duo
751 2305 810 2362 aut
825 2299 932 2378 plures
952 2301 1139 2381 adversarii,
1159 2302 1244 2382 quod
1263 2303 1347 2366 ordi·

120 2407 197 2467 nato
230 2401 349 2466 iudicio
380 2405 520 2480 utraque
547 2417 622 2481 pars
653 2400 759 2464 dicere
788 2400 888 2464 solet:
910 2401 1045 2466 ‘Testes
1073 2401 1194 2467 estote’
1239 2401 1275 2466 Ρ.
1297 2406 1347 2466 57.

121 2502 357 2569 Contestari
378 2507 438 2579 est,
461 2519 533 2564 cum
556 2507 695 2582 uterque
717 2520 792 2565 reus
816 2502 910 2566 dicit:
935 2501 1058 2568 ‘Testes
1081 2502 1204 2568 estote!
1236 2503 1270 2567 Ρ.
1293 2508 1345 2568 38.

121 2602 370 2670 Contrarium
393 2621 456 2682 aes,
481 2621 578 2682 grave
600 2621 663 2666 aes.
710 2601 820 2667 Rea.
1267 2613 1270 2620 '

121 2706 348 2770 Conventae
369 2704 539 2769 conditio
569 2704 753 2784 dicebatur,
782 2723 852 2769 enm
879 2706 1003 2785 primus
1026 2724 1129 2770 sermo
1158 2709 1197 2771 de
1224 2707 1347 2787 nuptiis

120 2813 154 2873 et
177 2824 292 2872 earum
313 2806 495 2871 conditione
518 2806 710 2870 habebatur.
755 2806 790 2870 P.
813 2808 864 2870 62.

120 2910 341 2976 Conventus
368 2913 508 2989 quatuor
534 2908 637 2972 modis
664 2908 880 2989 intellegitur:
902 2908 1081 2986 -tertio,
1105 2926 1177 2972 cum
1200 2926 1219 2971 a
1245 2909 1346 2988 magi-

120 3010 281 3077 stratibus
304 3010 413 3074 iudicii
437 3028 533 3074 causa
557 3011 695 3090 populus
719 3014 940 3091 congregatur.
985 3009 1019 3072 P.
1041 3011 1090 3072 41.

120 3113 208 3186 Cum
240 3113 405 3193 imperio
437 3116 500 3176 est
532 3111 701 3176 dicebatur
729 3112 816 3191 apud
845 3112 1009 3193 antiquos,
1040 3113 1092 3175 cui
1115 3112 1302 3176 nominatim
1327 3133 1345 3176 a

119 3214 241 3296 populo
265 3214 605 3294 dabaturimperium.
639 3213 726 3277 Cum
745 3218 946 3294 potestate
968 3219 1027 3278 est
1050 3213 1218 3279 dicebatur
1241 3214 1280 3277 de
1299 3232 1344 3292 eo,

119 3317 174 3399 qui
197 3335 218 3380 a
240 3315 358 3397 populo
382 3315 480 3380 alicui
503 3317 631 3396 negotio
654 3313 911 3396 praeficiebatur.
957 3314 993 3378 P.
1012 3319 1062 3378 50.

117 3417 210 3482 Cum
234 3415 377 3497 populo
399 3434 513 3498 agere
541 3416 601 3481 hoc
624 3422 673 3480 est
696 3417 849 3496 populum
873 3418 914 3481 ad
937 3417 1106 3482 concilium
1135 3423 1193 3480 aut
1216 3416 1345 3480 comitia

116 3537 257 3584 vocare..
288 3516 325 3582 P.
347 3521 396 3582 50.

116 3621 392 3686 Curatores-
404 3620 449 3683 rei
464 3618 692 3683 frumentariae
707 3621 834 3700 agrisve
851 3620 1030 3684 dividendis
1047 3619 1234 3699 praepositi.
1252 3618 1346 3684 Ros.

115 3722 243 3805 Curia
264 3721 352 3787 locus
375 3728 434 3799 est,
457 3713 513 3785 ubi
536 3721 680 3801 publicas
703 3740 797 3786 curas
815 3723 981 3803 gerebant.
1028 3720 1195 3786 Calabra
1219 3722 1344 3789 curia*

112 3826 172 3890 ubi
197 3828 325 3888 tantum
341 3825 425 3887 ratio
448 3842 613 3888 sacrorum
637 3824 823 3904 gerebatur.
852 3824 998 3889 Curiae
1017 3826 1116 3888 etiam
1132 3824 1345 3901 nominantur,

112 3929 147 3992 in
169 3925 293 4008 quibus
311 3924 563 4005 uniuscuiusque
579 3926 681 4004 partis
700 3925 811 4007 populi
826 3927 961 3990 Romani
979 3926 1058 4006 quid
1078 3927 1211 4007 geritur,
1235 3926 1345 4006 quales

112 4033 191 4095 sunt
225 4026 299 4105 hae,
330 4027 363 4089 in
396 4045 478 4107 quas
510 4028 664 4092 Romulus
691 4029 844 4109 populum
876 4027 1052 4108 distribuit,
1085 4046 1218 4092 numero
1242 4026 1344 4104 XXX,
1446 4053 1455 4065 s

113 4130 238 4212 quibus
261 4133 374 4209 postea
396 4129 528 4193 additae
552 4135 629 4194 sunt
651 4130 688 4210 V,
714 4131 760 4194 ita
783 4131 873 4194 utin
898 4149 956 4194 sua
979 4132 1116 4211 quisque
1140 4129 1229 4194 curia
1251 4146 1345 4191 sacra

113 4232 251 4316 publica
274 4229 396 4295 faceret
418 4229 578 4312 feriasque
602 4233 797 4311 observaret,
821 4233 924 4312 iisqne
947 4233 1044 4296 curiis
1063 4231 1198 4311 singulis
1216 4230 1346 4294 nomina

113 4335 291 4401 Curiorum
307 4332 467 4413 virginum
484 4334 634 4414 imposita
649 4352 719 4397 esse
742 4333 904 4413 dicuntur,
928 4353 1009 4415 quas
1027 4332 1168 4412 virgines
1184 4332 1345 4411 quondam

113 4435 256 4501 Romani
281 4435 331 4500 de⁴
344 4433 472 4498 Sabinis
494 4440 681 4515 rapuerunt.
725 4433 761 4498 Ρ.
783 4438 837 4498 49.
