2916 4860
119 354 184 418 240
656 351 812 420 Scriptores.

122 525 311 603 CurialeS,
335 525 478 589 eiusdem
502 524 618 602 curiae,
642 528 680 585 ut
702 523 838 587 tribules
861 529 896 588 et
917 524 1104 604 municipes
1149 523 1189 588 P.
1212 528 1266 590 49.

123 626 297 691 Curiales
316 624 504 704 flaminea,
528 625 691 689 curiarum
715 625 905 689 sacerdotes.
951 624 986 690 Ρ.
1008 630 1059 690 64.

122 727 312 793 Curionia
334 744 438 805 sacra,
463 744 545 808 quae
567 727 599 789 in
623 726 719 790 curiis
741 723 871 791 fiebant.
916 725 952 790 P.
976 731 1029 791 62.

122 829 359 896 Curionium
381 847 437 893 aes
461 828 639 908 dicebatur,
664 828 748 908 quod
771 828 911 892 dabatur
929 829 1053 893 curioni
1071 828 1112 893 ob
1128 830 1340 894 sacerdotium

122 934 317 998 curionatus
363 929 398 992 P.
424 932 476 991 49,

122 1034 236 1099 Curis
259 1037 309 1097 est
332 1030 453 1096 Sabine
474 1031 580 1110 hasta,
605 1031 689 1095 unde
711 1031 868 1095 Romulus
886 1030 1050 1112 Quirinus,
1074 1033 1152 1112 quia
1177 1051 1249 1097 eam
1267 1031 1339 1097 iere·

122 1139 181 1202 bat
201 1157 259 1216 —3
287 1134 419 1215 quidam
447 1152 520 1197 eum
551 1133 672 1197 dictum
695 1137 814 1213 putant
837 1152 856 1197 a
879 1131 1032 1213 Curibus,
1057 1129 1149 1214 quae'
1164 1132 1229 1198 fuit
1250 1136 1339 1200 urbss

124 1238 326 1304 Sabinorum.
370 1235 405 1299 P.
430 1238 483 1298 49.

125 1339 288 1404 Curules
306 1338 517 1418 magistratus
532 1335 688 1416 appellati
704 1341 789 1415 sunt,
807 1337 884 1417 quia
900 1355 997 1401 curru
1012 1336 1228 1402 vehebantur.
1252 1337 1338 1404 Ρ.49.

124 1439 376 1506 Custodelam
395 1437 546 1502 dicebant
561 1437 696 1517 antiqui,
705 1456 802 1518 quam
813 1439 1044 1503 nuucdicimus
1055 1438 1337 1503 custodiam.P.51.

124 1543 283 1607 Decima
307 1557 455 1622 quaeque
477 1545 604 1603 veteres
629 1539 689 1603 diis
712 1541 779 1603 suis
802 1538 990 1606 offerebant.
1033 1539 1069 1604 P.
1092 1545 1145 1604 71.

49 1692 51 1696 ⁴
124 1644 362 1708 Decimanus
391 1639 575 1721 appellatur
596 1640 697 1719 limes,
721 1641 778 1720 qui
798 1639 836 1705 fit
858 1642 899 1706 ab
922 1646 995 1706 ortu
1017 1642 1094 1707 solis
1118 1643 1161 1707 ad
1184 1660 1337 1719 occasum

126 1747 209 1809 alter
232 1763 270 1808 cx
292 1749 480 1808 transverso
498 1759 630 1806 currens
653 1742 837 1822 appellatur
856 1745 961 1808 cardo.
989 1744 1023 1808 Ρ.
1040 1749 1092 1808 71.
1121 1751 1201 1817 (lad.
1211 1754 1254 1815 15,
1263 1755 1338 1816 ras.)

125 1847 365 1911 Dominutus
395 1843 565 1922 capitas,
598 1843 653 1923 qui
676 1844 810 1908 civitate
832 1850 979 1910 mutatus
1001 1851 1066 1925 est3
1096 1851 1132 1910 et
1155 1865 1194 1911 ex
1218 1847 1283 1912 alia
1302 1844 1339 1910 fa-

126 1949 215 2013 milia
233 1948 268 2011 in
293 1946 391 2010 aliam
415 1945 607 2023 adoptatus;
632 1933 665 2008 ct
688 1947 743 2026 qui
766 1946 849 2012 liber
871 1947 967 2011 alteri
990 1948 1151 2029 mancipio
1172 1949 1269 2013 datus
1286 1954 1338 2015 est:

127 2056 159 2114 ct
190 2051 245 2130 qui
274 2050 307 2112 in
338 2047 478 2110 hostium
507 2051 704 2126 potestatem
727 2049 829 2125 venit3
862 2053 895 2112 et
918 2050 968 2113 cui
991 2067 1074 2130 aqua
1095 2049 1231 2130 ignique
1253 2051 1339 2113 inter·

126 2153 332 2215 dictumest.
378 2147 413 2212 Ρ.
435 2152 485 2212 76.
1144 2180 1146 2184 ·

125 2251 389 2331 Depeculatus
412 2268 430 2313 a
452 2266 568 2329 pecore
585 2249 717 2327 dicitur;
741 2251 796 2330 qui
815 2252 901 2315 enim
920 2251 1074 2331 populum
1092 2249 1240 2332 fraudat,
1255 2270 1339 2333 pecu·

125 2354 213 2417 latus
236 2371 340 2432 poena
364 2355 505 2415 tenetur.
549 2351 584 2413 Ρ.
608 2357 659 2416 75.
990 2419 993 2424 ,

125 2456 254 2535 Depon
261 2456 344 2519 tani
364 2475 516 2539 seues—,
529 2461 584 2540 qui
603 2457 807 2538 sexagenarii
827 2458 866 2520 dc
884 2462 982 2537 ponte
997 2455 1246 2521 deiiciebantur.
1257 2455 1339 2520 Ρ.75.

125 2558 323 2638 Denegare
346 2562 477 2640 proprie
499 2566 558 2640 est,
583 2580 655 2625 cum
678 2560 757 2640 quid
780 2560 911 2640 exlege
934 2563 1053 2637 vetere,
1076 2576 1139 2639 quo
1158 2560 1266 2624 minus
1281 2557 1337 2637 fiat,

125 2660 271 2724 sancitur
293 2660 365 2741 lege
390 2681 485 2742 nova3
509 2663 669 2744 derogare
692 2679 767 2742 ergo
791 2660 961 2725 detrahere
984 2665 1043 2724 est.
1089 2658 1126 2724 Ρ.
1150 2664 1205 2724 69.

68 2831 71 2835 ,
124 2759 363 2827 Diffareatio
386 2782 489 2844 genus
512 2769 584 2829 erat
607 2760 767 2839 sacrificii,
800 2779 863 2841 quo
885 2763 972 2826 inter
993 2762 1099 2826 virum
1124 2767 1158 2827 et
1180 2763 1336 2828 mulierem

123 2861 222 2928 fiebat
242 2863 420 2944 dissolutio,
440 2865 527 2930 dicta
547 2863 754 2942 differreatio,
775 2865 849 2944 quia
866 2861 966 2928 fiebat
983 2861 1090 2929 farreo
1109 2863 1177 2929 libo
1194 2865 1336 2930 adhibito.

123 2963 157 3028 Ρ.
180 2968 232 3029 74.
1159 2995 1160 2998 ¹

122 3067 301 3130 Dirutum
333 3085 421 3131 aere
451 3068 587 3131 militem
612 3068 764 3131 dicebant
787 3066 928 3148 antiqui,
960 3065 1010 3130 cui
1034 3067 1235 3147 stipendium
1258 3071 1336 3151 igno·

121 3168 240 3231 miniae
264 3186 363 3233 causa
385 3188 448 3233 non
467 3175 538 3233 erat
558 3171 680 3248 datum,
700 3169 786 3249 quod
806 3186 861 3232 aes
880 3168 1072 3232 diruebatur
1089 3169 1125 3232 in
1142 3167 1266 3250 fiscum,
1283 3187 1334 3234 non

121 3271 153 3332 in
177 3270 287 3334 militis
310 3272 481 3335 sacculum.
525 3270 561 3336 Ρ.
584 3274 635 3335 69.
1136 3323 1140 3328 .

121 3371 368 3436 Disertiones
392 3372 565 3437 divisiones
589 3371 856 3452 patrimoniorum
880 3373 966 3435 inter
988 3377 1163 3437 consortes
1210 3374 1244 3438 Ρ.
1264 3379 1310 3438 72.

121 3471 436 3552 Dispensatorcs
464 3474 556 3554 dicti,
581 3474 636 3555 qui
660 3492 715 3538 aes
738 3479 913 3554 pensantes
936 3475 1180 3554 expendebant,
1205 3495 1267 3541 non
1288 3475 1334 3538 ad·

121 3575 341 3638 numerabant.
386 3580 421 3640 P.
443 3581 497 3640 72.

119 3674 206 3738 Doli
237 3675 428 3740 vocabulum
459 3696 543 3741 nunc
572 3684 700 3741 tantum
731 3678 763 3740 in
795 3677 889 3741 malis
911 3677 1048 3757 utimur,
1081 3678 1172 3757 apud
1195 3678 1333 3760 antiquos

120 3790 229 3840 autem
254 3777 352 3840 etiam
375 3779 407 3841 in
430 3779 522 3844 bonis
544 3781 641 3844 rebus
660 3779 821 3843 utebatur.
866 3777 901 3843 P.
924 3781 974 3842 69.
998 3824 1000 3831 .
1048 3853 1052 3861 .

118 3877 333 3943 Duicensus
357 3879 528 3945 dicebatur
551 3900 623 3945 cum
645 3880 757 3959 altero,
780 3882 799 3943 i.
824 3899 850 3944 e.
875 3899 947 3944 cum
970 3878 1046 3960 filio,
1071 3898 1197 3947 census.
1238 3881 1273 3945 P.
1289 3883 1331 3943 66.

118 3979 349 4065 Duplioncm
366 3982 492 4061 antiqui
506 3982 666 4061 dicebant,
684 3983 769 4062 quod
784 4000 843 4045 nos
855 3981 998 4061 duplum.
1016 3980 1051 4044 P.
1062 3986 1114 4047 66.
1125 3981 1229 4066 (XII,
1240 3980 1332 4062 12,3.t

117 4081 301 4146 Eiuratio
326 4081 503 4163 significat,
533 4085 579 4162 id,
610 4084 694 4164 quod
718 4084 933 4162 desideretur,
964 4100 1027 4147 non
1055 4102 1152 4165 posse
1176 4082 1331 4167 praestari.

117 4183 267 4248 Plautus:
288 4181 453 4248 ‘Eiuravit
476 4183 653 4249 militiam'.
699 4185 735 4249 P.
757 4191 806 4250 77.

116 4282 199 4363 Em,
223 4289 300 4349 tum.
346 4285 381 4349 Ρ.
405 4290 456 4349 76.
502 4286 567 4350 Em
589 4305 647 4367 pro
671 4305 753 4366 eum,
777 4289 818 4351 ab
842 4306 889 4366 eo,
914 4286 998 4367 quod
1023 4292 1075 4351 est
1094 4284 1155 4353 ‘is’
1203 4290 1301 4353 Ρ.77.

116 4384 367 4468 Emancipati
390 4423 433 4433 —
454 4388 689 4470 intelleguntur
708 4394 767 4452 aut
786 4389 818 4466 ii,
838 4389 894 4468 qui
912 4407 950 4452 cx
968 4389 1075 4468 patris
1094 4391 1168 4456 iure
1187 4391 1327 4461 exierunt,
