2916 4860
184 367 248 433 296
713 364 866 432 Scriptores.

187 541 283 621 culpa
306 545 365 618 est,
389 539 408 604 i.
434 557 459 603 e.
484 541 663 619 peccatum,
686 555 768 601 noxa
792 541 901 602 autem
919 553 1032 617 poena.
1067 533 1207 611 Quidam
1225 552 1310 598 noxa
1329 548 1404 617 quae

186 643 312 722 nocuit,
350 640 444 706 noxia
480 641 514 705 id
546 640 631 722 quod
653 639 796 704 nocitum
828 637 1017 718 accipiunt.¹
1071 633 1142 698 237.
1174 635 1406 700 Pollicemur

187 749 308 825 sponte,
331 742 439 824 rogati
461 741 738 822 promittimus.
783 737 855 802 256.
877 774 920 783 -
942 739 1115 803 osculum
1137 737 1309 819 religionis
1332 755 1405 818 esse,

186 845 330 911 savium
352 842 547 924 voluptatis3
568 878 611 889 -
628 841 780 924 quamvis
803 841 934 922 quidam
957 840 1101 906 osculum
1123 837 1198 904 filiis
1218 840 1301 919 dari,
1320 841 1406 904 uxori

186 947 321 1021 basium,
347 950 451 1013 scorto
475 945 597 1010 savium
620 943 754 1009 dicant.²
798 940 868 1005 346.
892 942 1156 1031 (Romanilnihil
1175 942 1241 1006 nisi
1269 942 1406 1022 captatis

185 1046 350 1115 faciebant
373 1046 519 1129 auguriis
542 1041 576 1111 e't
597 1046 769 1127 praecipue
791 1046 949 1127 nuptias.³

252 1145 499 1214 ·2.102.‘Uuo
526 1146 663 1213 ordiuc':
694 1155 757 1213 nn'o
789 1153 898 1228 reatu3
917 1182 932 1214 a
951 1153 1001 1214 est
1032 1148 1072 1212 de
1104 1147 1241 1228 antiqua
1268 1149 1407 1210 tractum

186 1252 332 1331 scientia,
356 1250 432 1332 quia
456 1250 487 1314 in
512 1251 655 1315 ordinem
675 1250 865 1315 dicebantur
885 1267 1002 1316 causae
1017 1253 1151 1331 propter
1166 1247 1407 1312 multitudinem

187 1355 236 1418 vel
270 1354 446 1418 tumultum
476 1349 714 1432 festinantium,
747 1370 816 1417 cum
849 1357 920 1417 erat
951 1369 1055 1429 annus
1073 1351 1196 1415 litium.
1247 1349 1408 1413 Iuvenalis

186 1455 241 1537 (16,
264 1454 328 1540 42);
352 1455 609 1536 ‘Exspectandus
632 1455 709 1535 erit,
733 1457 789 1535 qui
810 1455 884 1520 lites
907 1454 1036 1519 inchoet
1058 1451 1179 1518 annus‘.
1226 1448 1288 1534 (cf-
1306 1458 1332 1520 6,
1350 1446 1407 1532 uu)

188 1556 257 1621 156.
283 1555 489 1624 Consuetudo
513 1557 600 1637 apud
624 1557 775 1639 antiquos
798 1555 871 1638 fuit,
894 1562 932 1621 ut
956 1556 1010 1639 qui
1033 1557 1065 1620 in
1088 1553 1408 1647 familiamvelgeu·

187 1665 250 1724 tem
275 1649 435 1740 transiret,
465 1659 553 1740 prius
576 1677 609 1724 sc
632 1659 801 1724 abdicaret
825 1661 865 1724 ab
889 1678 938 1739 ea,
961 1659 992 1722 in
1016 1677 1080 1739 qua
1102 1655 1221 1736 fuerat,
1246 1660 1282 1719 et
1305 1655 1351 1719 sic
1372 1654 1407 1718 ab

187 1761 250 1825 alia
272 1761 481 1842 reciperetur.

271 1859 300 1939 3,
323 1859 373 1928 89.
416 1861 478 1927 Est
507 1862 659 1942 species*
674 1863 817 1944 augurii,
846 1881 929 1945 quae
955 1862 1064 1945 legum
1087 1862 1185 1928 dictio
1210 1862 1407 1942 appellatur:

186 1966 294 2048 legum
317 1965 415 2030 dictio
439 1970 547 2030 autem
571 1970 633 2045 cst,
658 1985 729 2031 cum
753 1966 912 2032 condictio
936 1965 1126 2048 (corcdicffl)
1149 1965 1255 2046 ipsius
1281 1963 1406 2046 augurii

188 2073 276 2133 certa
298 2067 538 2148 nuncupatione
561 2069 731 2134 verborum
755 2069 890 2169 dicitur,
919 2066 1005 2150 quali
1029 2067 1217 2132 condicione
1239 2067 1408 2149 augurium

188 2177 378 2251 peracturus
396 2170 447 2234 sit.
493 2167 624 2234 111-
643 2170 783 2251 speciem
808 2169 1178 2252 auguralemstradunt,
1197 2186 1284 2249 quae
1305 2166 1408 2249 appel·

187 2272 277 2336 latur
300 2271 512 2352 condictio,
535 2271 598 2341 i.‚e.
619 2272 831 2353 denuntiatio,
851 2272 1158 2350 cumde'nuntiatur,
1177 2275 1217 2334 ut
1233 2276 1315 2336 ante
1333 2271 1407 2335 diem

188 2372 321 2438 tertium
350 2373 421 2454 quis
448 2373 489 2436 ad
515 2374 776 2455 inaugurandum
805 2374 900 2439 adsit.
943 2371 1014 2435 607.
1036 2372 1164 2455 Physici
1188 2373 1316 2452 dicunt,
1347 2388 1407 2435 esse

190 2480 392 2540 consecratas
421 2475 606 2541 numinibus
634 2475 775 2557 singulas
806 2476 947 2557 corporis
975 2479 1102 2555 partes:
1134 2478 1171 2538 ut
1204 2491 1320 2539 aurem
1349 2473 1407 2537 Me-

190 2577 324 2654 moriae,
351 2613 394 2622 —
420 2575 557 2642 frontem
576 2575 693 2656 Genio,
720 2578 931 2642 -dextram
954 2575 1072 2657 Fidei,4
1094 2612 1137 2623 -
1160 2594 1268 2658 genua
1290 2575 1408 2640 Miseri·

189 2815 229 2870 Ol.
248 2813 335 2870 ΖΒΘ.
354 2818 377 2879 9,
397 2817 456 2869 195.
475 2844 509 2853 -
526 2814 552 2882 2)
571 2815 611 2868 De
629 2815 679 2868 hoc
697 2814 752 2868 loco
771 2813 803 2867 cf.
822 2814 986 2878 Becbmoau,
1003 2813 1163 2868 Detulrecbt
1177 2817 1203 2876 1,
1213 2815 1258 2867 72.
1279 2811 1407 2882 (lapidare,

187 2899 346 2955 Dotalrecbt
362 2903 405 2954 40.
424 2929 457 2938 -
479 2900 505 2964 3)
524 2898 634 2952 Maurus
652 2906 678 2965 (s
700 2898 935 2967 Marius),Servius
959 2897 1109 2952 Honoratus
1133 2898 1328 2966 grammaticus
1349 2911 1407 2950 saec.

188 2985 226 3040 IV
246 3001 261 3038 a
280 2985 429 3052 Macrobio,
448 2991 498 3039 sut.
516 2989 542 3048 1,
560 2988 649 3051 2,15,
667 2984 796 3038 ‘doctriua
813 2983 951 3038 mirabilis¹
971 2983 1123 3052 appellatur
1140 2982 1182 3049 (cf.
1193 2983 1291 3037 Acron
1308 2983 1337 3036 ia
1345 2981 1407 3034 Hor.

188 3077 238 3125 aot.
256 3075 280 3130 1,
305 3074 330 3129 9,
349 3073 402 3134 76).
438 3070 626 3139 Amplissimos
650 3069 705 3124 eins
731 3069 759 3123 in
777 3069 927 3137 Vergilium
950 3068 1154 3122 commentarius
1176 3072 1272 3136 postea
1289 3083 1306 3120 a
1322 3067 1407 3121 multis

190 3158 216 3208 ct
235 3155 394 3222 epitomatus
413 3158 441 3208 et
458 3154 636 3222 interpolatus
655 3157 683 3208 et
701 3156 796 3208 auctus
814 3157 867 3218 est,
885 3157 915 3206 ut
934 3153 1012 3207 hodie
1030 3169 1112 3222 usque
1131 3169 1184 3207 non
1203 3157 1311 3208 constet
1329 3152 1407 3219 dege

189 3227 270 3293 nuina
288 3240 345 3292 eius
362 3239 456 3293 forma.
491 3239 653 3293 Plenissime
671 3238 728 3292 eius
746 3238 828 3293 editio
846 3243 901 3293 est:
920 3238 980 3292 Alb.
991 3237 1271 3300 Lcmcommeaccrit
1284 3240 1315 3293 ia
1329 3237 1409 3306 Verpi·

189 3324 255 3377 lc'um
274 3323 407 3378 Seruiani.
426 3327 507 3378 1826,
536 3322 629 3378 Adicci
646 3323 756 3377 adAeu.
774 3327 818 3389 10,
839 3327 892 3378 241
911 3323 1027 3378 scholion
1044 3324 1140 3377 incerti
1156 3325 1286 3388 auctoris,
1304 3323 1349 3394 qui
1364 3323 1410 3376 ian

191 3411 253 3462 ante
272 3407 392 3462 Servium
410 3408 530 3462 floruisse
548 3408 803 3477 commentariosqne
821 3408 922 3462 saeculi
935 3407 1025 3461 1-111
1035 3407 1194 3475 excerpsisse
1212 3408 1329 3463 videtur.
1347 3407 1410 3473 Quae

190 3493 287 3547 scholia
305 3511 329 3548 a.
354 3494 422 3548 1818
445 3493 478 3548 ab
496 3494 567 3562 Aap.
587 3493 649 3547 Mai
674 3493 793 3547 Veronae
817 3493 846 3546 in
864 3493 952 3548 codice
970 3492 1097 3562 rescripto
1122 3496 1230 3562 reperta
1249 3497 1315 3548 sunt
1341 3491 1410 3558 tunde

191 3577 272 3631 schol.
290 3578 385 3631 Veron.
404 3579 594 3647 appellantur),
618 3578 813 3647 novissimeque
835 3578 909 3632 edita
931 3578 965 3632 ab
982 3578 1020 3631 H.
1040 3577 1104 3632 Keil
1126 3579 1154 3631 in
1172 3578 1266 3648 Probi,
1285 3583 1410 3635 amomon.

191 3663 220 3716 irc
245 3662 319 3732 Very.
338 3667 416 3719 1848.

260 3749 285 3811 1)
304 3748 329 3800 Ι.
348 3751 372 3810 4,
398 3751 424 3814 8,
447 3753 479 3802 1.·
505 3748 588 3802 ‘Nora
613 3750 653 3801 est
677 3763 783 3815 corpus,
810 3747 879 3816 qnod
901 3748 1006 3814 nocuit,
1028 3749 1108 3802 noxia
1129 3748 1219 3817 ipsum
1241 3748 1411 3805 maleficium'.

192 3833 298 3887 Fronto
318 3833 349 3886 de
367 3832 454 3898 differ.
473 3833 578 3888 vocab:
595 3832 677 3886 ‘Nora
695 3847 779 3899 poena
797 3833 845 3896 est,
860 3832 937 3886 noxia
955 3833 1047 3902 culpat.
1058 3863 1091 3871 -
1109 3833 1220 3900 2)Doa.
1233 3835 1266 3888 in
1279 3835 1336 3888 Ter.
1347 3833 1412 3887 Eua.

192 3921 216 3985 3,
226 3922 291 3982 2,3;
311 3918 382 3971 ‘Tria
400 3921 463 3971 sunt
484 3917 619 3971 osculandi
637 3932 736 3985 genera
752 3936 798 3971 -ε
818 3917 907 3971 oscula
925 3917 1071 3972 officiorum
1090 3921 1163 3986 sunt,
1172 3918 1251 3974 basia
1268 3920 1412 3989 pudicomm

192 4002 344 4065 affectuum,
363 4003 458 4056 suavia
475 4001 618 4056 libidinum
637 4002 679 4056 vel
697 4003 833 4059 amorum'.
844 4003 913 4067 -3)
925 4002 979 4059 Cic.
997 4003 1030 4056 de
1047 4002 1129 4058 diac.
1148 4008 1234 4070 1,16:
1253 4005 1412 4075 ‘quodetiam

193 4104 262 4142 nunc
279 4088 433 4157 nuptiarum
452 4087 574 4156 auspices
593 4086 747 4142 declaraut'.
791 4087 848 4140 Vol.
864 4088 941 4142 Mox.
960 4092 987 4151 2,
1005 4093 1075 4155 1,1:
1095 4088 1162 4154 ‘Quo
1180 4107 1212 4144 ex
1230 4107 1305 4145 more
1323 4089 1412 4158 nuptiis

194 4172 276 4226 etiam
299 4188 368 4227 nunc
390 4172 509 4241 auspices
535 4171 758 4240 interponuntur.
777 4202 810 4212 -
832 4173 858 4238 4)
877 4172 952 4227 Plia.
977 4174 1002 4228 b.
1026 4190 1052 4228 a.
1075 4179 1118 4237 11,
1139 4179 1182 4243 45,
1206 4179 1277 4231 25οε
1300 4177 1374 4230 ‘inest
1390 4175 1412 4226 et

194 4257 254 4310 aliis
274 4257 396 4326 partibus
415 4256 545 4326 quaedam
563 4258 667 4326 religio,
686 4258 757 4312 sicut
774 4257 919 4312 dextra-
937 4259 965 4311 in
985 4259 1037 4312 fide
1055 4260 1222 4330 porrigitnr'.
1259 4263 1320 4317 Lio.
1337 4264 1378 4326 23,
1386 4262 1412 4312 9:

194 4340 313 4395 ‘dextrae
331 4342 438 4396 dextras
456 4343 599 4410 iungentes
617 4342 697 4396 fidem
715 4343 914 4407 obstrinximus,
933 4349 964 4398 nt
982 4348 1100 4399 sacratas
1118 4345 1170 4400 flde
1187 4349 1302 4402 manus'.
1320 4344 1411 4402 cilia

194 4429 220 4490 1,
238 4429 290 4492 58,·
306 4430 350 4493 40,
368 4430 410 4481 46.
454 4427 508 4483 Cic.
527 4427 559 4482 dc
579 4428 626 4498 lep.
645 4432 672 4492 2,
690 4433 731 4482 11.
767 4428 884 4494 Isium,
899 4435 923 4494 1,
934 4433 974 4482 67.
993 4429 1082 4494 Dana,
1100 4431 1126 4486 d.
1136 4433 1244 4487 sacrale
1254 4433 1351 4490 Subula
1361 4434 1410 4486 139.
