2916 4860
656 363 791 416 Asconius.
1275 366 1338 430 293

114 537 400 600 condemnatorum
425 536 522 625 semel
545 535 825 614 auctionabantur,
848 554 971 618 proque
989 537 1038 602 his
1056 538 1210 617 pecunias
1234 540 1339 618 pensi-

114 639 232 702 tabant
252 637 401 718 (papiria)
427 637 561 718 singulis
585 641 700 717 postea
723 655 780 716 pro
797 639 984 718 compendio
1003 657 1060 704 suo
1078 639 1222 721 singulas
1245 659 1338 721 quas·

113 757 176 819 que
199 757 251 802 res
275 739 411 818 pecunia
433 738 607 803 vendituri.
652 735 726 820 (177,
745 746 977 801 coemendarum
996 738 1116 824 credit.)
1227 791 1231 800 .

201 839 291 923 791
314 841 367 904 177
330 846 405 906 7777
432 840 695 923 syngraphas
663 846 774 906 7777
776 859 832 906 777
862 842 1076 924 chirographa
1105 841 1241 908 hoc't
1193 847 1241 907 777
1243 847 1338 923 77777,

114 944 228 1026 quod
220 962 253 1006 77
272 962 307 1006 77
310 942 389 1008 77777
403 946 476 1007 7777
479 961 532 1006 um
547 961 629 1024 quae
646 948 740 1025 gesa
720 948 836 1008 asunt
854 943 950 1008 scribi
965 945 1079 1024 solent,
1055 945 1130 1009 tin
1147 944 1338 1027 syngraphis

116 1048 215 1111 etiam
232 1049 345 1110 contra
364 1042 459 1109 fidem
478 1045 624 1111 veritatis
643 1046 751 1126 pactio
770 1044 873 1124 venit3
892 1051 924 1110 77
942 1064 1005 1109 777
1023 1051 1193 1110 numerata
1211 1062 1338 1127 quoque

115 1149 254 1230 pecunia
278 1152 336 1211 aut
358 1167 422 1212 non
443 1148 476 1211 in
478 1153 569 1230 tegre
591 1152 760 1211 7777777777
781 1166 840 1227 pro
869 1148 1066 1227 t·emp01aria
1094 1148 1241 1212 77177777
1192 1152 1260 1211 tate
1283 1147 1338 1210 ho-

115 1251 239 1313 minum
268 1250 364 1315 scribi
395 1250 615 1314 solentmore
643 1249 860 1329 institutoque
888 1248 1097 1314 Graecorum
1142 1250 1264 1314 Ett
1214 1254 1264 1313 cet
1265 1266 1339 1313 7777
1433 1247 1435 1251 ’

115 1351 252 1417 tabulae
276 1353 317 1418 ab
341 1359 404 1415 una
427 1355 520 1433 parte
544 1352 672 1415 servari
690 1350 793 1415 solent
779 1350 1032 1434 tsyngraphen
1055 1351 1225 1432 utriusque
1240 1369 1339 1414 manu

118 1453 224 1536 (eipso
228 1453 343 1535 tanqu
322 1454 453 1534 utrique
476 1454 563 1534 parti
537 1454 778 1518 tservandam
802 1453 1072 1536 traduntt(184)

202 1554 312 1637 7114.
334 1555 418 1619 Ῥ777
406 1560 558 1635 tesquam
583 1556 633 1619 ius
661 1559 755 1636 praet
757 1554 860 1618 orium
887 1555 1017 1620 constiti
1075 1555 1218 1633 -dixit,
1195 1554 1340 1635 tquasi

117 1658 253 1722 dicert:e
227 1663 351 1738 tpost
374 1658 482 1722 condit
468 1663 537 1721 tam
560 1658 673 1723 urbem
692 1657 836 1733 Ronram,
861 1662 933 1720 aut:
957 1663 1029 1738 post
1016 1657 1205 1722 thominum
1221 1673 1339 1720 memo·

116 1760 210 1838 riam,
236 1778 274 1822 ex
297 1776 358 1841 quo
386 1764 435 1822 est
458 1759 508 1823 ius
531 1759 740 1839 praetorium.
784 1758 862 1842 (190)

205 1861 221 1943 7
246 1858 316 1924 117).
339 1861 405 1924 Lis
428 1861 694 1928 vindiciarum
718 1868 777 1943 est,
802 1883 874 1929 cum
897 1863 1048 1945 litigatur
1071 1862 1110 1927 de
1133 1879 1172 1925 ea
1195 1879 1230 1924 77
1253 1859 1340 1940 apud

113 1968 306 2048 praetorem,
330 1962 421 2026 cuius
440 1963 597 2027 incertum
617 1968 667 2028 est
686 1967 756 2046 quis
775 1967 894 2031 debeat
913 1983 983 2031 esse
1005 1981 1183 2046 possessor,
1206 1966 1239 2026 77
1257 1961 1338 2041 ideo,

113 2066 172 2147 qui
195 2082 264 2128 eam
287 2068 395 2144 tenet,
425 2065 483 2129 dat
506 2082 564 2145 pro
587 2067 706 2146 praede
729 2068 796 2133 litis
819 2062 1032 2133 vindiciarum
1057 2064 1243 2130 adversario
1272 2080 1339 2142 suo,

114 2185 179 2248 quo
203 2166 250 2229 illi
273 2163 463 2246 satisfaciat,
487 2167 568 2231 nihii
591 2185 625 2232 77
648 2170 791 2234 deterius
814 2171 847 2234 in
870 2169 1069 2250 possessione
1098 2165 1276 2243 facturum,
1300 2165 1339 2229 de

115 2287 181 2350 qua
195 2268 335 2349 iurgium
355 2273 449 2348 esset,
473 2287 585 2333 rursus
602 2260 774 2350 sponsione
792 2273 861 2352 ipse
881 2274 1073 2352 provocatus
1092 2270 1133 2335 ab
1153 2267 1339 2332 adversario

114 2376 392 2451 certarepugnam
403 2375 459 2435 aut
476 2371 721 2453 aestimationis
741 2374 818 2454 quid
836 2374 967 2438 amittat
984 2373 1018 2436 ni
1035 2371 1092 2436 777
1111 2371 1154 2436 777
1167 2370 1339 2455 hereditas,

116 2474 156 2537 de
176 2490 239 2553 qua
256 2472 449 2536 contendit.l
479 2472 640 2537 ‘Praedes’
659 2491 735 2555 ergo
755 2467 908 2539 dicuntur
926 2473 1141 2540 satisdatores
1163 2471 1340 2552 locupletes

115 2591 234 2655 prore,
259 2574 298 2637 de
317 2592 381 2654 qua
399 2574 486 2654 opud
505 2574 644 2639 iudicem
662 2574 703 2639 lis
727 2581 785 2655 est,
808 2594 848 2641 77
866 2578 991 2641 7777777
1010 2576 1066 2656 qui
1084 2578 1173 2639 tenet
1191 2571 1340 2638 diffidens

115 2693 231 2741 causae
253 2677 485 2756 possessionem
509 2676 701 2742 deteriorem
725 2675 833 2757 faciat,
858 2683 945 2742 77777
968 2678 1114 2758 dissipet,
1138 2675 1339 2739 7777717777-

115 2777 210 2842 bores
233 2781 266 2841 et
288 2778 376 2841 culta
398 2777 533 2842 deserat.
578 2776 654 2860 (191)

202 2877 218 2960 ᾗ
243 2876 312 2942 142.
336 2879 445 2943 Β777
468 2879 629 2958 praedia
648 2879 895 2945 dicunturbona
908 2878 1176 2944 satisdationibus
1192 2877 1339 2957 obnoxie,

115 2981 183 3045 sive
207 2980 271 3044 sint
294 2981 327 3044 in
350 2980 532 3061 mancipiis,
565 2982 632 3046 sive
654 2981 688 3045 in
710 2982 847 3062 pecunia
873 2986 1058 3045 numerata:
1089 2977 1239 3060 ‘praedia'
1263 2997 1339 3044 vero

116 3083 240 3161 domus,
265 3082 345 3163 agri.
390 3081 481 3146 Haec
503 3083 609 3147 omnia
631 3084 831 3163 venduntur,
856 3083 881 3148 si
905 3083 1023 3148 rationi
1046 3080 1194 3164 publicae
1215 3081 1339 3146 locator

116 3189 278 3249 sartorum
303 3189 461 3249 tectorum
491 3202 555 3250 nou
584 3186 796 3267 responderit.
840 3186 890 3250 Ad
916 3185 1107 3250 hocautem
1130 3183 1339 3248 haecomnia

116 3293 194 3350 sunt
217 3285 362 3365 obnoxia,
385 3291 422 3351 ut
445 3305 503 3367 pro
526 3305 584 3352 sua
606 3287 772 3352 voluntate
796 3294 875 3369 agat
896 3286 1226 3368 redemptoroperis,
1250 3285 1338 3367 quic-

118 3388 196 3470 quid
221 3407 277 3452 suo
301 3389 443 3468 periculo
466 3387 553 3454 facit.

205 3489 260 3553 ‘Et
270 3490 446 3572 praedibus
464 3498 493 3555 77
507 3490 674 3573 proediis:
697 3492 874 3556 Praedia
893 3497 968 3556 sunt
986 3508 1039 3556 res
1057 3491 1156 3572 ipsae,
1175 3492 1340 3572 praedes

117 3592 272 3671 homines,
294 3592 313 3655 i.
332 3610 359 3656 e.
377 3590 593 3681 fideiussores,
616 3613 752 3682 quorum
775 3612 827 3658 res
852 3595 945 3659 ‘bona
969 3591 1113 3674 praedia’
1132 3611 1195 3658 uno
1212 3594 1339 3659 nomine

115 3690 296 3758 dicuntur.²
339 3691 416 3774 (196)

189 3984 213 4046 1)
234 3981 345 4034 17777777
370 3986 521 4050 corruptum
548 3998 603 4036 esse
625 3984 709 4051 patet.
732 3983 813 4048 -2)
842 3981 929 4037 Seboi
948 3983 1101 4036 Bobicrrs.
1089 4001 1119 4037 arr
1137 3966 1174 4037 or.
1189 4000 1220 4052 p
1238 3982 1343 4037 717777

115 4066 176 4134 (Or.
194 4083 224 4134 p
243 4069 320 4129 244):
343 4065 480 4120 ‘Praedia
482 4083 579 4135 ,quae
597 4068 652 4121 iure
670 4067 792 4135 legitimo
821 4084 873 4121 non
896 4067 996 4122 habent
984 4072 1042 4136 t‚ur
1069 4085 1152 4138 neque
1176 4070 1243 4136 aput
1265 4083 1339 4121 7777-

116 4153 187 4205 rium
210 4151 360 4218 subsignari
381 4168 465 4220 neque
489 4156 554 4221 aput
576 4167 709 4206 censorem
732 4154 850 4220 possunt.
890 4153 926 4207 Et
949 4153 1126 4222 subsignandi
1148 4153 1214 4208 haee
1236 4152 1342 4207 solebat

117 4253 172 4290 cese
190 4253 283 4301 causa,
306 4243 336 4292 77
358 4241 406 4290 aut
432 4238 477 4306 qui
500 4237 642 4305 vectigalia
659 4236 813 4302 redimeret,
837 4239 885 4290 aut
902 4237 947 4307 qui
965 4253 1011 4306 pro
1028 4238 1148 4305 mancipe
1165 4237 1341 4306 vectigalium

116 4321 198 4376 fidem
216 4338 290 4375 suam
309 4322 495 4391 interponere,
475 4324 569 4377 tloco
586 4322 704 4390 pigneris
721 4322 830 4390 praedia
849 4339 896 4376 sua
913 4323 952 4376 rei
969 4322 1063 4390 piubl.)
1080 4322 1240 4392 obligarent,
1252 4323 1339 4392 quoad

117 4423 222 4461 omnem
239 4407 376 4474 pecuniam
395 4407 572 4476 redemptores
590 4407 762 4476 vectigalium
780 4409 967 4476 repensarent'.
938 4406 1030 4463 th
1049 4407 1121 4463 Fcet.
1103 4413 1269 4477 manceps.
