2916 4860
119 373 182 435 242
288 443 290 447 ¹
656 365 810 432 Scriptores.

116 544 250 608 Fenus
269 527 302 605 et
320 538 566 604 feneratores
584 536 727 600 etlende
747 536 871 599 credita
882 536 1016 615 pecunia
1032 534 1206 600 fenebris
1229 554 1258 607 ,a
1275 535 1339 600 fetu

111 645 212 722 dicta,
238 642 324 722 quod
349 641 463 704 crediti
486 640 606 703 nummi
629 637 709 702 alios
732 637 868 718 pariant.
915 636 950 700 P.
973 640 1027 700 86.

116 745 317 809 Feretrius
333 743 481 823 Iuppiter
500 741 605 805 dictus
624 738 801 818 assuendo,
821 740 905 819 quod
924 757 1036 818 pacem
1054 737 1140 802 ferre
1156 744 1336 819 putaretur3

116 865 154 910 en
180 846 269 909 cuius
292 844 413 924 templo
437 844 610 907 sumebant
632 846 809 921 sceptrum,
833 858 891 920 per
913 840 999 920 quod
1022 841 1186 920 iurarent,
1212 847 1245 905 et
1266 842 1337 922 lapi·

117 948 189 1010 dem
213 947 345 1023 silicem,
370 962 432 1024 quo
456 942 567 1007 foedus
590 941 732 1007 ferirent.
776 943 810 1020 (o.
829 942 974 1022 Lamban)
1017 941 1053 1005 P.
1076 945 1130 1008 92.

116 1046 253 1110 Forias
277 1036 404 1126 antiqui
426 1043 522 1108 fesias
545 1042 721 1120 vocabant;
746 1047 779 1106 et
802 1044 887 1108 aliae
910 1049 1003 1108 erant
1026 1044 1104 1108 sine'
1119 1044 1172 1109 die
1196 1043 1289 1124 festo,
1307 1054 1336 1109 ul

115 1148 288 1226 nundinae,
312 1146 397 1210 aliae
420 1164 491 1211 cum
514 1143 606 1223 festo,
630 1148 667 1208 ut
690 1143 883 1210 Saturnalia.
929 1144 966 1209 P.
989 1150 1042 1208 86.

115 1248 293 1312 Fetiales
316 1266 336 1310 a
359 1245 501 1310 feriendo
518 1246 610 1310 dicti:
631 1246 716 1326 apud
732 1246 791 1310 hos
810 1247 894 1310 enim
914 1247 991 1312 belli
1010 1247 1337 1329 paci'sque'faciendac

116 1351 165 1414 ius
184 1354 243 1414 est.
288 1344 323 1412 P.
347 1352 397 1414 91.
441 1346 528 1428 (Noa.
545 1354 710 1410 o.'Fcta'clc's.
752 1354 848 1420 Varro,
866 1355 919 1410 ljl.
937 1360 961 1421 5,
979 1351 1035 1431 86.)

116 1451 330 1514 Flaminius
353 1450 499 1515 camillus
522 1469 604 1531 puer
627 1450 796 1527 dicebatur
818 1452 1158 1532 ingenuuspatrimes
1178 1457 1213 1516 et
1233 1453 1335 1517 matri·

116 1571 193 1630 mes,
217 1552 274 1632 qui
295 1550 416 1615 flamini
433 1551 520 1615 Diali
543 1551 586 1616 ad
609 1548 768 1616 sacrificia
786 1552 1088 1632 praeministrabat:
1110 1553 1241 1634 antiqui
1259 1555 1334 1618 enim

117 1654 281 1718 ministros
305 1653 449 1717 camillos
473 1653 631 1717 dicebant.
675 1653 711 1716 P.
736 1657 788 1717 93.

117 1755 315 1818 Flammea
347 1754 498 1818 amicitur
520 1755 643 1820 nubens
665 1755 779 1819 ominis
803 1757 877 1820 boni
901 1768 1011 1835 causa,
1045 1756 1132 1836 quod
1155 1773 1195 1820 eo
1218 1755 1334 1820 assidue

117 1857 274 1921 utebatur
295 1853 466 1934 flaminica,
481 1857 510 1920 ἰ.
534 1875 560 1921 e.
584 1854 726 1920 flaminis
749 1876 838 1936 uxor,
863 1858 916 1922 cui
939 1876 1002 1922 non
1024 1857 1146 1922 licebat
1169 1856 1278 1923 facere
1294 1857 1333 1921 di·

116 1959 265 2022 rontium.
310 1956 346 2021 P.
369 1961 421 2023 89.

115 2059 307 2123 Flammeo
330 2061 524 2124 vestimento
547 2057 710 2125 flaminica
730 2061 893 2132 utebatur,
914 2062 933 2123 ι.
953 2080 979 2126 e.
990 2062 1094 2126 Dialis
1114 2080 1198 2127 uxor
1216 2061 1333 2126 etlovis

117 2161 275 2239 sacerdos,
299 2162 351 2224 cui
374 2161 475 2225 telum
498 2160 640 2226 fulminis
664 2163 775 2226 eodem
799 2167 870 2226 erat
893 2163 1006 2227 colore.
1052 2162 1088 2226 Ρ.
1113 2165 1175 2226 92.

14 2335 18 2343 Ι
116 2261 268 2324 Foedus
288 2261 488 2342 appellatum
508 2264 548 2327 ab
569 2281 605 2326 eo
626 2264 710 2344 quod
730 2264 762 2327 in
781 2264 970 2344 paciscendo
989 2262 1120 2328 foedere
1128 2265 1238 2330 hostia
1249 2283 1332 2328 neca·

118 2367 219 2440 retur,
243 2363 359 2426 -vel
383 2365 459 2443 quia
483 2365 516 2428 in
539 2363 668 2429 foedere
690 2365 918 2445 interponatur
939 2363 1027 2448 fides,
1072 2364 1108 2430 P.
1130 2370 1185 2428 84.

117 2463 286 2527 Forctes
320 2463 505 2546 (forefeci),
560 2467 631 2547 rugi
660 2472 693 2530 et
723 2469 839 2546 bonus,
874 2467 941 2531 sive
967 2467 1101 2532 validus.
1143 2468 1181 2532 P.
1209 2472 1264 2533 84.
1296 2467 1333 2548 (ct

118 2564 254 2645 Sanctae).

117 2665 252 2728 Forum
276 2685 330 2731 sex
352 2668 454 2732 modis
477 2669 692 2750 intellegitur:
715 2670 818 2749 primo
841 2669 1068 2751 negotiationis
1091 2670 1184 2736 locus
1197 2692 1255 2750 —;
1273 2671 1332 2748 alio,

116 2767 227 2847 inquo
246 2768 366 2832 iudicia
382 2766 462 2847 fieri,
480 2788 551 2834 cum
570 2772 689 2851 populo
708 2773 771 2852 agi,
782 2772 949 2835 conciones
968 2772 1081 2836 baberi
1097 2773 1220 2853 solent3
1239 2774 1333 2849 tertio.

117 2887 189 2933 cum
213 2869 250 2947 is,
273 2870 328 2956 qui
350 2870 536 2950 provinciae
559 2877 697 2952 praeest,
715 2871 820 2936 forum
840 2891 938 2954 agere
956 2873 1085 2954 dicitur,
1105 2893 1180 2939 oum
1200 2876 1333 2940 civitates

116 2975 211 3034 vocat
234 2975 267 3034 et
290 2972 328 3035 de
353 2973 579 3036 controversiis
602 2991 713 3037 eorum
737 2970 916 3054 cognoscit3
941 2979 1067 3055 quarto,
1092 2994 1167 3040 cum
1191 2979 1225 3043 id
1243 2976 1332 3042 forum

118 3073 244 3157 antiqui
267 3073 493 3153 appellabant,
526 3076 610 3153 quod
634 3093 718 3139 nunc
741 3074 935 3140 vestibulum
958 3075 1098 3156 sepulcri
1121 3077 1228 3143 dicari
1251 3079 1332 3153 solet3

117 3177 170 3236 cto.
207 3172 243 3236 P.
266 3178 319 3237 84.

115 3274 383 3355 Fulguritum
415 3278 448 3340 id
471 3278 555 3358 quod
580 3285 629 3342 ost
652 3277 784 3349 fulmine
807 3279 918 3356 ictum,
952 3279 1007 3360 qui
1029 3278 1120 3343 locus
1140 3282 1256 3346 statim
1275 3278 1331 3344 lieri

116 3376 298 3453 putabatur
319 3378 500 3458 religiosus,
525 3380 610 3459 quod
629 3398 703 3443 eum
722 3380 801 3444 deus
818 3380 879 3444 sibi
897 3380 1022 3444 dicasse
1040 3381 1221 3447 videretur.
1244 3382 1330 3447 Ptlt.

115 3475 440 3544 Fundusedicitur
463 3482 601 3561 populus
626 3482 775 3560 assensi,
799 3499 893 3561 quam
916 3482 1046 3561 alienat,
1065 3482 1128 3548 hoc
1148 3491 1200 3549 est
1219 3490 1327 3550 auctor.

117 3573 153 3636 P.
177 3581 228 3640 89.
453 3585 458 3595 “

118 3674 217 3740 Gens
239 3678 350 3744 Aelia
373 3684 568 3764 appellatur,
593 3704 675 3766 quae
698 3704 736 3749 en
758 3687 870 3750 multis
888 3684 1018 3750 familiis
1035 3685 1217 3755 conficitur.
1239 3690 1273 3754 P.
1287 3689 1325 3750 94.

117 3776 301 3844 Gentilis
325 3782 442 3847 dicitur
465 3804 503 3849 ex
526 3788 637 3850 eodem
660 3806 777 3868 genere
800 3793 901 3867 ortus,
921 3793 954 3852 et
972 3789 1009 3867 is
1026 3789 1085 3868 qui
1098 3790 1199 3855 simili
1218 3791 1325 3856 nomine

116 3879 313 3960 appellatur,
345 3888 382 3947 ut
405 3887 452 3949 ait
476 3886 618 3953 Cincius:
647 3885 807 3954 ‘Gentiles
830 3890 909 3952 mihi
931 3895 1016 3969 sunt,
1039 3891 1097 3971 qui
1120 3912 1193 3958 meo
1216 3894 1323 3958 nomine

1 4029 3 4034 .
115 3977 341 4061 appellantur'.
386 3985 421 4049 P.
445 3992 496 4052 94.

116 4080 240 4147 Grave
273 4102 336 4148 aas
365 4086 486 4152 dictum
510 4111 530 4154 a
552 4093 712 4172 pondero,
745 4095 822 4174 quia
855 4095 927 4158 deni
951 4112 1059 4175 asses,
1091 4096 1215 4179 singuli
1237 4094 1321 4179 ponrlo

8 4321 13 4330 ¹
115 4267 273 4332 nuntiabat;
297 4299 330 4308 -
352 4275 380 4325 et
398 4271 469 4324 hunc
487 4273 569 4342 diem,
592 4278 637 4344 qui
655 4294 685 4330 ex
704 4277 869 4345 hisdiebus,
893 4279 939 4346 qni
956 4278 1121 4347 calarentur,
1144 4282 1245 4349 primns
1260 4280 1320 4334 eser.

115 4349 216 4485 plrtrculit
234 4353 361 4408 kalendas
379 4358 480 4420 vocari;
505 4365 613 4413 verbum
631 4364 721 4416 autem
739 4367 821 4418 καλῶ
839 4379 962 4430 graecum
981 4367 1037 4428 est,
1055 4365 1075 4420 i.
1093 4381 1116 4421 c.
1135 4368 1215 4422 voco'.
1248 4365 1318 4419 Macr-

114 4447 165 4485 sa.
203 4440 268 4493 ‚15.
