2916 4860
318 1213 321 1222 ’
386 1229 587 1342 Plus
632 1228 944 1340 TERTIA.

446 1451 890 1554 SCRIPTORES.

333 1677 358 1740 I.
401 1676 564 1743 SEXTUS
588 1674 803 1742 POMPEIUS
826 1674 997 1741 FESTUS.

266 1846 294 1909 Ε
316 1848 429 1912 libris
452 1847 496 1910 de
519 1848 726 1911 verborum
750 1843 1067 1927 significatione¹

53 1983 194 2047 Abacti
213 1984 423 2064 magistratus
443 1982 645 2061 dicebantur,
662 1982 718 2062 qui
739 1982 841 2046 coacti
858 1982 1077 2060 deposuerant
1094 1981 1274 2060 imperium.

53 2084 89 2148 P.
106 2089 161 2149 23.
208 2125 211 2128 <

54 2186 284 2266 Abgregare
307 2223 358 2261 -,
387 2187 606 2267 adgregare
628 2221 679 2263 —‚
704 2202 916 2265 segregare
940 2220 991 2248 -.
1039 2183 1183 2260 Quorum
1206 2202 1278 2248 ver-

56 2289 172 2352 borum
195 2285 345 2367 frequens
367 2306 445 2352 usus
468 2306 529 2351 non
557 2287 687 2365 mirum,
721 2285 748 2349 si
776 2304 814 2350 ex
840 2286 1009 2366 pecoribus
1036 2286 1173 2367 pendet,
1206 2305 1278 2350 curn

56 2389 142 2469 apud
162 2388 313 2469 antiquos
333 2408 409 2470 opes
428 2393 462 2453 et
476 2388 671 2468 patrimonia
691 2405 729 2451 ex
748 2387 797 2451 his
816 2387 990 2469 praecipue
1009 2388 1222 2468 constiterint,
1242 2392 1279 2450 ut

54 2490 161 2556 adbuc
185 2491 282 2555 etiam
305 2490 487 2571 pecunias
506 2494 539 2554 et
562 2488 713 2570 peculia
732 2489 894 2554 dicirnus.2
916 2487 951 2553 P.
972 2493 1027 2554 23.

124 2677 149 2742 1)
167 2675 272 2741 Festus,
289 2674 480 2742 grammaticus
498 2673 606 2738 saeculi,
625 2675 656 2726 ut
673 2673 787 2736 videtur,
806 2660 1071 2736 111ve11111,‘nu11a
1088 2674 1183 2727 aliare
1198 2676 1279 2727 notus

54 2761 131 2814 nobis
150 2763 200 2824 est,
218 2758 269 2812 nisi
287 2758 355 2828 quod
378 2759 414 2811 M.
434 2759 522 2812 Verrii
538 2758 640 2825 Flacci,
663 2759 709 2825 qui
731 2757 779 2810 sub
801 2757 924 2824 Augusto
941 2758 1044 2822 floruit,
1068 2757 1279 2811 eruditissimum

54 2845 96 2898 ‘de
115 2843 254 2897 verborum
272 2843 474 2911 significatioue'
493 2859 559 2911 opus
576 2843 605 2895 in
623 2843 753 2910 epitomen
763 2842 859 2909 coegit.
884 2840 966 2894 Cuius
975 2843 1112 2910 epitomes,
1122 2858 1183 2894 curn
1192 2842 1279 2894 Verrii

54 2946 119 2998 opus
137 2930 225 2996 ipsum
242 2929 348 2996 penitus
366 2927 484 2996 perierit,
502 2944 563 2996 pars
581 2926 711 2994 quaedam
729 2925 828 2994 duplici
845 2924 922 2978 modo
939 2925 974 2978 ad
992 2941 1038 2978 nos
1056 2925 1185 2992 pervenit.
1217 2924 1279 2978 Sae-

53 3016 115 3068 culo
132 3014 173 3067 IX
190 3014 290 3068 Paulus
315 3013 436 3081 quidam,
464 3013 574 3066 clericus
593 3013 738 3075 Romanus,
765 3011 892 3079 epitomes
915 3010 1000 3079 quasi·
1015 3009 1194 3076 epitomellam
1219 3025 1279 3062 con-

53 3099 171 3166 scripsit,
189 3113 255 3166 quae
266 3097 359 3151 Carolo
368 3097 404 3151 M.
424 3096 544 3151 dedicata
562 3097 657 3149 multis
675 3095 806 3149 codicibus
826 3113 887 3149 mss.
906 3098 1002 3149 exstat.
1038 3094 1179 3148 Praeterea
1196 3095 1278 3161 ipsius

53 3182 131 3236 Festi
153 3181 239 3248 operis
262 3180 362 3248 integri
384 3181 467 3233 etiarn
489 3197 556 3233 saec.
575 3180 615 3232 XI
638 3184 760 3234 exaratus
783 3185 824 3234 est
847 3180 927 3234 codex
950 3178 1177 3244 membranaceus,
1206 3180 1280 3231 cuius

55 3265 155 3320 mutila
177 3281 237 3333 pars
261 3281 326 3318 saec.
346 3265 395 3318 XV
417 3271 515 3318 Romae
537 3266 565 3317 in
588 3265 711 3317 manibus
733 3265 786 3319 fuit
804 3266 941 3335 Pomponii
958 3265 1049 3332 Laeti,
1075 3280 1141 3318 saec.
1164 3264 1226 3317 XVI
1252 3264 1280 3316 in

30 3383 34 3390 ·
54 3351 248 3404 bibliothecam
265 3350 453 3404 Famesianam
472 3350 605 3417 pervenit,
623 3365 688 3402 saec.
699 3349 791 3402 XVlH
809 3350 947 3418 Neapolim
965 3349 1101 3416 migravit,
1120 3348 1167 3401 ubi
1185 3348 1279 3401 etiarn-

55 3452 126 3491 nunc
148 3436 176 3488 in
199 3434 264 3490 bibl.
288 3434 397 3502 publica
418 3437 514 3488 exstat.
550 3434 646 3487 Misere
670 3432 777 3502 quidem
801 3435 855 3488 ianr
872 3437 937 3486 tunc
954 3432 1032 3486 codex
1051 3434 1108 3486 erat
1126 3436 1278 3485 truncatus:

54 3521 120 3576 XVI
138 3520 355 3588 quatemionum‚
378 3519 448 3572 binis
466 3520 594 3572 columnis
613 3519 779 3586 scriptorum,
798 3520 848 3570 Vll
866 3519 944 3586 primi
963 3519 1067 3570 omnino
1086 3517 1208 3581 deerant,
1230 3531 1279 3568 nec

56 3623 108 3659 non
127 3605 289 3672 reliquorum
307 3608 382 3672 plura
399 3604 471 3667 folia,
494 3604 662 3671 omniumque
680 3619 772 3670 margo
789 3603 905 3671 igni-ita
923 3603 977 3656 fuit
995 3601 1113 3665 adustus,
1123 3605 1153 3656 ut
1168 3602 1279 3655 alterius

54 3695 191 3744 columnae
214 3689 368 3757 plerumque
391 3689 475 3741 maior
492 3705 553 3756 pars
572 3690 727 3756 consumpta
744 3690 790 3743 sit.
824 3688 863 3741 Ac
881 3703 914 3740 ne
933 3687 1094 3756 sicquidem
1113 3687 1202 3740 Verrii
1219 3687 1279 3740 reli-

54 3774 125 3842 quiis
142 3773 261 3842 pepercit
270 3773 374 3826 datum.
418 3773 485 3826 Nam
504 3777 560 3826 tres
577 3776 670 3841 postea
688 3773 770 3826 etiarn
787 3773 924 3841 perierunt
943 3773 1141 3839 quaterniones,
1160 3772 1233 3837 VllI,
1246 3770 1279 3830 X,

55 3859 133 3919 XVI,
153 3874 264 3927 quorum
282 3858 391 3927 quidem
409 3858 562 3925 apographa
579 3858 682 3911 saeculo
700 3858 751 3910 XV
769 3860 881 3911 exeunte
900 3860 963 3910 suut
981 3856 1065 3923 iacta,
1088 3872 1171 3923 nequo
1188 3858 1280 3906 tamen

55 3945 122 3998 satis
145 3946 282 4006 accurata,
305 3958 389 4010 neque
413 3943 484 3995 inter
502 3959 529 3994 se
547 3942 727 3995 consonantia.
764 3941 815 3994 Sed
838 3956 871 3993 ne
889 3957 1008 4008 unquam
1026 3939 1167 3992 desisteret
1184 3938 1279 3998 iatum,

56 4029 222 4098 apographa.
241 4043 308 4095 quae
326 4027 376 4080 sub
393 4027 475 4080 titulo
493 4029 515 4079 ‘e
534 4026 636 4079 schedis
646 4032 675 4080 P.
691 4026 777 4080 Laeti'
793 4041 817 4078 a.
836 4026 903 4079 1581
921 4041 1049 4079 unacum
1067 4024 1154 4077 codice
1172 4023 1279 4076 Fames.

55 4114 113 4180 ipso
132 4112 218 4167 edidit
237 4111 271 4164 F.
295 4111 421 4174 Uestam,
446 4115 538 4180 postea
556 4112 700 4179 perierunt.
719 4141 753 4150 -
770 4111 924 4164 Editionum
942 4113 1047 4177 praeter
1064 4109 1233 4162 Ursinianarn
1251 4108 1279 4159 et

56 4199 265 4268 Scaligeriauam
292 4213 346 4250 uua
372 4196 531 4251 nominanda
558 4200 599 4250 est
628 4196 657 4250 0.
678 4196 707 4250 0.
727 4195 855 4250 Muellera'
880 4209 903 4248 a.
932 4195 1011 4256 1839,
1038 4193 1084 4261 qui
1108 4191 1164 4246 cod.
1190 4191 1279 4252 Fam„

57 4283 136 4336 Pauli
160 4282 234 4352 epit,
249 4285 277 4336 et
300 4282 410 4336 schedas
428 4283 457 4335 P.
475 4281 553 4336 Laeti
571 4282 769 4335 accuratissime
792 4281 940 4347 castigatas
957 4279 1100 4333 coniunxit.
1134 4275 1200 4330 Cum
1218 4292 1279 4329 vero

57 4367 170 4423 codicem
188 4367 268 4422 Fam.
292 4368 348 4434 ipse
371 4368 487 4421 conferre
502 4378 562 4421 ‘non
584 4368 728 4434 potuisset,
753 4382 777 4419 a.
803 4366 870 4419 1848
892 4365 931 4420 H.
949 4363 1026 4424 Keil,
1049 4377 1117 4414 nova
1138 4361 1279 4414 collatione

57 4453 132 4521 iacta,
150 4451 248 4507 menda
266 4451 428 4518 deprebensa
446 4451 531 4506 edidit
548 4452 588 4504 iu:
607 4450 660 4505 Ru.
672 4450 743 4507 Mus.
763 4455 787 4514 6,
805 4453 936 4504 crs-26.
956 4448 1074 4516 Denique
1090 4446 1279 4512 Mommsenue,
