2916 4860
534 110 602 162 Cato
620 109 652 162 de
670 127 696 164 re
714 112 822 165 rustica.
1231 110 1293 175 285

61 281 228 358 Factores
253 282 307 360 qui
330 281 436 345 oleum
458 278 603 361 fecerint,
628 299 737 346 omnes
759 283 889 346 iuranto
908 286 964 344 aut
985 281 1027 345 ad
1052 280 1216 345 dominum
1235 287 1292 345 aut

63 384 107 449 ad
132 382 312 462 custodem,
337 400 406 468 sese
430 383 469 446 de
495 380 658 454 fundoL.
686 383 797 448 Manlii
834 399 938 463 neque
970 381 1069 446 olium
1099 401 1289 464 quemquam

62 504 123 549 suo
155 485 227 550 dolo
257 485 341 548 malo
377 485 482 549 oleum
512 503 617 566 neque
645 486 749 550 oleam
765 485 990 564 ,surripuisse3
1026 481 1078 565 (3.)
1103 486 1160 566 qui
1182 502 1290 549 eorum
1323 561 1324 564 Ἴ

60 606 127 651 non
150 583 203 651 ita'
221 587 387 665 iuraverit,
411 605 496 667 quae
520 588 590 651 eius
608 606 684 668 pers
708 588 779 666 erit,
802 605 894 651 omne
913 588 1092 652 deducetur
1114 604 1216 667 neque
1237 588 1290 651 de·

60 690 206 755 bebitur.
252 687 380 752 Socium
410 706 450 752 ne
481 707 576 769 quem
606 688 833 768 habeto,nisi
864 707 959 770 quem
987 688 1132 752 dominus
1160 689 1290 753 iusserit

65 795 128 855 aut
150 797 267 855 custos.
315 789 348 853 si
371 790 448 870 quid
471 791 685 871 redemptoris
708 809 808 871 opera
831 803 878 851 ete.
897 803 927 851 ut
943 801 1002 864 144,
1021 801 1046 852 3.

154 889 223 954 146.
248 890 358 956 Oleum
376 891 570 969 pendentem
588 891 648 957 hac
666 893 738 973 lege
757 893 865 957 venire
892 898 1020 974 oportet
1027 900 1038 956 :'
1052 891 1132 957 Olea
1147 893 1289 974 pendens

62 996 97 1058 in
120 992 220 1059 fundo
243 992 397 1058 Venafro
409 992 541 1057 venibit.
566 1025 605 1038 ·-
630 991 684 1073 (2.)
709 994 787 1058 Dies
810 1000 945 1075 argento
976 1013 1016 1058 ex
1038 994 1068 1058 k.
1092 994 1170 1058 Nor.
1202 1014 1288 1059 rnen-

63 1097 149 1161 sium
174 1096 203 1160 X
226 1096 314 1159 oleae
340 1095 498 1177 legendae
520 1093 707 1175 faciundae,
731 1114 815 1177 quae
838 1095 942 1160 locata
965 1101 1027 1174 est,
1059 1102 1092 1160 et
1114 1098 1141 1160 si
1164 1104 1290 1178 emptor

63 1199 198 1277 locarit,
229 1198 337 1262 idibus
371 1197 494 1262 solvito.
539 1198 639 1262 Recte
670 1197 751 1262 haec
783 1198 855 1262 dari
886 1196 1021 1278 fierique
1047 1199 1193 1280 satisque
1217 1199 1288 1263 dari

62 1300 207 1378 domino,
236 1304 295 1364 aut
317 1300 368 1363 cui
391 1299 538 1380 iusserit,
569 1300 753 1380 promittito
781 1300 923 1380 satisque
947 1300 1024 1364 dato
1048 1300 1210 1365 arbitratu
1234 1303 1288 1365 do-

61 1401 152 1466 mini.
196 1401 355 1466 Donicum
386 1401 527 1466 solutum
551 1402 612 1466 erit
636 1402 756 1466 autito
780 1403 859 1466 satis
890 1402 1001 1466 datum
1031 1402 1108 1480 erit,
1141 1421 1226 1483 quae
1255 1404 1287 1466 in

61 1502 163 1568 fundo
185 1502 277 1568 illata
300 1509 408 1583 erunt,
444 1503 570 1584 pigneri
593 1508 694 1567 sunto
738 1502 786 1567 Ne
809 1504 887 1584 quid
917 1521 1027 1568 eorum
1051 1503 1089 1566 de
1111 1501 1209 1567 fundo
1233 1505 1287 1568 de-

60 1610 209 1685 portat03
231 1605 258 1669 si
282 1605 359 1685 quid
382 1605 615 1685 deportaverit,
644 1605 763 1669 domini
790 1611 868 1670 esto.
897 1603 952 1687 (3.)
974 1603 1070 1669 —Si
1093 1611 1219 1687 emptor
1241 1606 1285 1669 le·

60 1707 148 1787 gulis
173 1712 206 1771 et
227 1705 415 1785 factoribus,
439 1706 494 1787 qui
518 1706 584 1770 illic
607 1723 687 1785 opus
710 1703 856 1783 fecerint,
875 1723 937 1769 non
960 1706 1104 1797 solverit,
1136 1707 1187 1770 cui
1215 1707 1285 1771 dari

58 1809 239 1889 oportebit,
270 1809 297 1873 si
320 1809 467 1873 dominus
494 1807 590 1886 volet,
614 1808 731 1886 solvat3
755 1813 881 1889 emptor
907 1807 1035 1872 domino
1059 1808 1175 1872 debeto
1199 1815 1231 1872 et
1254 1809 1287 1872 id

59 1911 143 1974 satis
176 1911 271 1990 dato,
305 1928 426 1990 proque
462 1927 499 1974 ea
534 1928 570 1974 re
606 1909 654 1973 uti
690 1911 813 1990 stupra)
833 1905 1033 1991 *s(criptum)
1059 1912 1134 1988 etst)
1160 1912 1285 1991 pignori

58 2017 166 2076 sunto.

149 2110 219 2176 148,
242 2114 361 2177 Vinum
380 2115 413 2177 in
433 2114 526 2179 doliis
541 2114 601 2179 hoc
616 2115 710 2178 modo
728 2115 837 2178 venire
857 2119 998 2195 oportet:
1023 2115 1099 2179 Vini
1115 2116 1147 2178 in
1166 2116 1286 2180 culleos

58 2214 205 2295 singulos
228 2213 302 2279 XLI
324 2233 425 2279 urnae
447 2215 621 2280 dabuntur.
659 2214 752 2292 Quod
774 2234 879 2297 neque
903 2225 997 2282 accat
1020 2234 1123 2297 neque
1146 2224 1284 2296 muceat,

58 2318 94 2381 id
118 2315 261 2382 dabitur.
305 2317 342 2380 In
365 2316 473 2381 triduo
497 2318 639 2397 proximo
665 2318 726 2382 viri
754 2319 830 2383 boni
853 2318 1018 2383 arbitratu
1041 2320 1229 2400 degustato,
1258 2321 1285 2383 si

58 2419 185 2483 nonita
202 2416 324 2496 fecerit,
343 2419 452 2483 viuum
471 2437 529 2500 pro
548 2420 719 2500 degustato
738 2421 809 2485 erit.
846 2419 932 2496 Quot
954 2420 1023 2484 dies
1046 2439 1103 2500 per
1122 2422 1285 2486 domiuum

57 2540 150 2587 mora
171 2519 280 2600 fuerit,
305 2539 368 2602 quo
386 2522 490 2586 minus
505 2521 615 2586 vinum
635 2522 796 2602 degustet,
815 2521 951 2585 totidem
970 2522 1194 2602 diesemptori
1213 2541 1284 2602 pro·

58 2624 185 2687 cedent.
226 2620 284 2703 (2.)
318 2621 437 2694 Vinum
469 2624 607 2704 accipito
640 2628 715 2687 ante
738 2623 769 2686 k.
793 2621 859 2686 Ian.
890 2623 1025 2703 primas3
1058 2623 1085 2686 si
1117 2641 1180 2687 noo
1208 2630 1283 2687 ante

59 2724 233 2805 acceperit,
257 2724 404 2789 dominus
427 2725 535 2789 vinum
559 2725 763 2789 admetiatur.
809 2722 902 2800 Quod
924 2725 1111 2789 admensum
1131 2726 1202 2803 erit,
1226 2744 1283 2805 pro

59 2846 98 2892 eo
123 2826 271 2890 dominus
289 2826 450 2891 resolvito.
483 2825 517 2890 Si
533 2832 658 2908 emptor
676 2826 859 2907 postularit,
878 2826 1023 2891 dominus
1042 2825 1093 2890 ius
1111 2826 1283 2890 iurandum

58 2929 162 3007 dabit,
186 2945 298 2992 verum
320 2925 443 2992 fecisse.
475 2912 579 2992 Locus
597 2928 680 2992 vinis
703 2928 744 2992 ad
766 2928 796 2993 k.
816 2927 971 2993 Octobres
993 2927 1113 3009 primas
1136 2927 1281 3006 dabitur,

59 3031 87 3094 si
110 3035 186 3094 ante
209 3047 271 3093 non
295 3030 524 3110 deportaverit,
548 3030 693 3095 dominus
716 3031 789 3094 vino
813 3030 899 3111 quod
922 3030 1008 3094 volet
1030 3027 1136 3094 faciet.
1160 3065 1200 3074 -

148 3128 218 3192 149.
243 3130 314 3208 Qua
332 3132 403 3212 lege
417 3131 573 3208 pabulum
591 3131 763 3196 hibernum
781 3132 889 3196 venire
900 3136 1061 3211 oporteat:
1080 3129 1152 3206 Qua
1164 3133 1282 3196 vendas

58 3233 123 3312 fini,
148 3233 256 3297 dicito.
280 3231 336 3315 (2.)
352 3233 519 3299 -Bubus
542 3233 672 3298 domitis
694 3233 788 3324 binis
811 3234 955 3299 canterio
978 3234 1044 3312 uni,
1067 3251 1138 3297 cum
1159 3238 1284 3313 emptor

58 3342 181 3416 pascet,
206 3335 333 3399 domino
356 3353 488 3416 pascere
510 3336 676 3416 recipitur.
720 3335 834 3415 Oloris,
858 3335 1036 3418 asparagis,
1059 3335 1164 3416 lignis
1188 3355 1284 3417 aqua,

57 3438 190 3516 itinere,
223 3441 300 3501 actu
326 3437 446 3502 domini
473 3437 577 3502 usioni
599 3437 765 3518 recipitur.
811 3436 945 3518 Siquid
974 3442 1113 3518 emptor,
1144 3444 1202 3503 aut
1225 3458 1282 3520 pa-

57 3545 172 3618 stores,
195 3544 254 3618 aut
276 3557 374 3620 pecus
397 3539 551 3619 emptoris
575 3540 701 3604 domino
724 3540 833 3605 damni
856 3539 991 3618 dederit,
1014 3538 1091 3605 boni
1113 3541 1175 3605 viri
1197 3542 1282 3605 arbi-

56 3646 150 3706 tratu
173 3641 322 3706 resolvat.
368 3640 401 3704 Si
425 3640 503 3722 quid
525 3641 681 3721 dominus,
704 3646 760 3706 aut
782 3640 916 3720 familia,
941 3645 999 3706 aut
1021 3660 1120 3722 pecus
1143 3644 1282 3722 emptori

57 3743 167 3809 damni
208 3743 348 3823 dederit,
385 3744 446 3807 riri
486 3744 562 3808 boni
593 3743 757 3808 arbitratu
792 3743 980 3808 resolvetur.
1030 3744 1189 3809 Donicum
1227 3763 1282 3824 pe·

56 3847 187 3910 cuniam
210 3843 420 3909 satisfecerit
440 3848 496 3909 aut
515 3845 684 3925 delegarit,
700 3863 796 3926 pecus
815 3851 848 3909 et
866 3835 998 3926 familia,
1022 3863 1105 3926 quae
1124 3845 1190 3909 illic
1209 3846 1281 3925 erit,

56 3947 188 4030 pigneri
220 3952 322 4012 sunto.
372 3945 509 4029 Siquid
537 3947 576 4010 de
605 3948 645 4012 iis
673 3946 770 4012 rebus
795 3947 1035 4012 controversiae
1060 3947 1134 4025 orit,
1159 3947 1280 4012 Romae

56 4050 213 4115 iudicium
231 4047 298 4113 fiat.
