2916 4860
204 334 267 398 272
737 329 889 399 Scriptores

204 506 389 570 Viatores
412 501 625 583 appellantur,
643 503 698 583 qui
716 502 962 583 magistratibus
977 509 1151 584 apparent,
1178 522 1214 567 eo
1234 505 1314 585 quia
1329 506 1419 585 initio,

205 607 342 672 omnium
366 605 508 670 tribuum
532 623 603 669 cum
627 605 697 685 agri
717 606 749 669 in
768 606 946 685 propinquo
967 612 1060 669 erant
1079 606 1169 670 urbis
1186 611 1288 687 atque
1305 608 1419 672 assidue

205 708 347 772 homines
370 707 627 786 rusticabantur,
662 708 803 773 crebrior
830 725 930 788 opera
959 725 1069 771 eorum
1093 708 1222 772 eratin
1247 709 1300 773 via
1337 728 1419 790 quam

204 811 292 889 urbe,
316 810 402 891 quod
426 828 465 872 ex
486 809 572 890 agris
596 809 785 890 plerumque
809 809 951 873 homines
975 809 1197 886 evocabuntur
1218 828 1240 874 a
1258 810 1418 890 magistra·

203 913 300 976 tibus.
344 911 381 973 L.
405 915 475 974 371.
521 910 587 974 Mo.
611 915 662 975 78.
1104 936 1105 939 ’
1284 974 1287 980 .
1362 975 1365 980 .

206 1014 289 1079 Vici
313 1012 473 1093 appellari
495 1013 670 1102 incipiuntl
694 1032 732 1077 er
756 1012 858 1094 agris,
891 1013 945 1094 qui
968 1013 1014 1078 ibi
1037 1011 1129 1077 villas
1152 1030 1216 1078 uon
1241 1013 1371 1092 habent,
1391 1023 1416 1077 nt

203 1116 304 1180 Marsi
335 1119 393 1179 aut
415 1114 553 1194 Peligni,
585 1114 643 1178 sed
677 1132 715 1177 ex
745 1115 841 1179 vicis2
871 1115 990 1194 partim
1018 1114 1139 1180 habent
1171 1133 1240 1179 rem
1264 1134 1296 1196 p.
1330 1117 1416 1179 etius

204 1217 332 1296 dicitur,
355 1216 475 1296 partim
497 1216 578 1280 nihil
598 1233 707 1280 eorum
726 1220 886 1280 ettamen
905 1216 950 1281 ibi
965 1217 1126 1280 nundinae
1145 1222 1293 1297 aguntur
1312 1217 1415 1298 negotii

203 1319 337 1400 gerendi
360 1336 465 1397 causa,
488 1322 521 1381 et
543 1318 691 1398 magistri
714 1318 776 1382 vici
794 1318 872 1382 item
890 1319 1038 1399 magistri
1057 1318 1131 1400 papi
1151 1319 1329 1399 quotannis
1342 1316 1414 1383 finnt.

133 1429 139 1440 '
203 1420 324 1499 Altero,
341 1438 412 1483 cum
431 1420 464 1484 id
480 1438 581 1500 genus
600 1418 819 1484 aedificiorum
838 1417 1016 1499 definitur,³
1036 1439 1119 1500 quae
1135 1413 1341 1484 ¹continentia
1358 1426 1413 1484 sunt

203 1522 253 1586 his
276 1523 412 1603 oppidis,
436 1540 517 1602 quae
541 1569 546 1580 .
571 1569 576 1581 .
601 1569 607 1581 .
629 1522 800 1586 itineribus
822 1522 1070 1603 regionibusque
1093 1521 1275 1586 distributa
1292 1522 1376 1586 inter
1390 1539 1413 1584 se

205 1625 336 1703 distant,
359 1623 607 1704 nominibusque
630 1623 841 1687 dissimilibus
865 1623 1058 1688 discriminis
1082 1642 1180 1687 causa
1203 1629 1285 1688 sunt
1308 1624 1414 1704 dispar-

204 1726 275 1790 tita.
322 1726 441 1805 Tertio,
466 1744 538 1790 cum
560 1726 594 1790 id
618 1742 719 1806 genus
741 1722 956 1790 aedificiorum
976 1723 1137 1805 definitur,
1157 1727 1295 1806 quaein
1316 1724 1413 1806 oppido

204 1829 308 1909 prive,
340 1830 360 1892 i.
386 1831 427 1892 e.4
458 1828 490 1892 in
521 1845 579 1892 suo
612 1819 746 1908 quisque
772 1827 841 1891 loco
865 1827 994 1908 proprio
1015 1828 1061 1890 ita
1082 1824 1247 1907 aedificat,
1279 1834 1318 1892 ut
1340 1828 1369 1892 in
1388 1845 1413 1888 eo

204 1928 349 1995 aedificio
380 1930 526 2010 pervium
558 1930 614 2009 sit,
649 1948 711 2010 quo
744 1930 860 1993 itinere
887 1928 1088 1994 habitatores
1111 1929 1152 1994 ad
1176 1947 1272 1994 suam
1298 1918 1413 2013 quisque

203 2032 437 2096 habitationem
469 2031 588 2097 babeat
620 2034 817 2108 accessum⁵;
851 2031 992 2111 quinon
1015 2031 1168 2094 dicuntur
1190 2030 1326 2111 ‘vicani‚'
1349 2031 1412 2094 sicut

203 2133 253 2212 ii,6
284 2134 337 2213 qui
371 2137 428 2197 aut
459 2134 491 2196 in
522 2133 633 2214 oppidi
665 2134 757 2212 vicis
791 2137 849 2197 aut
882 2133 928 2211 bi,
962 2133 1016 2214 qui
1039 2133 1073 2196 in
1095 2133 1183 2213 agris
1207 2138 1300 2212 sunt,
1332 2130 1413 2196 ricard

204 2235 421 2314 appellantur.
467 2235 503 2296 L.
526 2240 597 2298 371.
643 2235 709 2299 Mo.
731 2241 780 2300 77.

203 2333 355 2416 Viginti
375 2337 543 2416 quinque
559 2334 1411 2417 poenac⁷inXllsignificatXllVasses.L.371.Mo.77.

204 2436 354 2501 Vindex
378 2439 419 2502 ab
444 2456 490 2517 eo,
515 2439 598 2520 quod
622 2438 775 2516 vindicat,
801 2457 863 2520 quo
885 2439 992 2503 minus
1014 2438 1051 2516 is,
1075 2437 1130 2519 qui
1153 2457 1300 2520 prensus.
1318 2445 1362 2505 est
1382 2437 1411 2500 ab

203 2538 320 2618 aliquo,
343 2544 505 2605 teneatur.
547 2540 585 2603 L.
608 2545 679 2604 376.
723 2540 789 2604 Mo.
814 2545 866 2604 84.

204 2639 278 2703 Vin
291 2641 427 2705 diciae
450 2643 656 2723 appellantur
674 2661 808 2721 roseae,
828 2642 1000 2723 dequibus
1019 2643 1242 2708 controversia
1261 2649 1327 2722 cst3
1346 2639 1411 2724 quod

202 2743 312 2822 potius
336 2743 454 2807 dicitur
475 2745 538 2823 cis,
572 2765 667 2827 quom
689 2742 739 2824 fit,
772 2745 933 2810 intereos
957 2743 1247 2825 quicontendunt.
1294 2744 1371 2810 Cato
1389 2743 1411 2805 in

202 2862 250 2922 ea,
275 2863 370 2927 qnam
393 2845 521 2909 scribsit
543 2847 579 2910 L.
602 2846 699 2911 Furio
723 2843 763 2911 de
786 2866 884 2928 aqua:
910 2848 926 2912 ‘.
956 2896 963 2910 .
991 2897 997 2910 .
1027 2866 1042 2910 s
1061 2851 1229 2927 praetores
1252 2846 1411 2912 secundnm

107 2960 108 2963 ’
203 2949 355 3026 populum
378 2948 533 3012 vindicias
550 2946 680 3014 dicunt'
701 2995 706 3007 .
778 2948 936 3012 Lucilius:
957 2949 1058 3012 ‘nemo
1077 2948 1130 3012 hic
1149 2949 1312 3014 vindicias
1330 2962 1411 3027 neque

202 3066 293 3112 sacra
315 3067 419 3130 neque
443 3067 560 3114 numen
583 3049 731 3116 veretur⁷.
777 3051 826 3115 De
850 3069 912 3132 quo
931 3051 1028 3114 verbo
1040 3048 1169 3114 Cincius
1189 3051 1237 3116 sic
1255 3051 1319 3116 ait:
1343 3049 1410 3114 ‘Viu-

203 3150 306 3215 diciae
329 3151 404 3214 olim
423 3152 616 3217 dicebantur
638 3151 766 3236 (plebeo)
790 3153 873 3231 illae,
897 3170 980 3234 quae
1003 3170 1042 3215 ex
1064 3150 1164 3236 fundo

288 3258 436 3334 sumptae
475 3254 508 3316 in
551 3254 602 3317 ius
643 3255 772 3318 adlatae
817 3253 928 3318 erant'.
992 3252 1036 3316 ht
1075 3252 1142 3318 Ser.
1180 3253 1345 3336 Sulpicius

288 3349 423 3436 [iteratae
454 3351 563 3438 elliam
596 3356 802 3435 singulariter
832 3352 971 3417 formato
1003 3354 1175 3442 vindiciam
1200 3374 1272 3422 esse
1299 3357 1344 3422 ait

287 3452 367 3537 iaaac
384 3451 472 3541 raca]
485 3474 549 3536 qua
565 3457 605 3521 de
619 3476 655 3520 re
665 3457 883 3521 controversia
893 3462 951 3534 est,
963 3457 1003 3520 ab
1018 3474 1054 3521 eo
1065 3457 1344 3537 quodvindicatur

289 3606 295 3618 .
320 3605 325 3618 .
352 3607 358 3619 .
383 3606 389 3619 .
414 3559 502 3621 etin
526 3557 617 3622 Xll:s
641 3557 684 3622 ‘Si
707 3558 880 3624 vindiciam
902 3554 1017 3622 falsam
1041 3558 1127 3637 tulit,
1152 3559 1178 3622 si
1203 3561 1285 3624 velit·
1302 3559 1345 3625 is⁹

270 3795 295 3859 1)
314 3793 385 3846 Mo:
404 3795 593 3862 ‘accipiuntur'.
612 3825 646 3832 —
664 3798 691 3863 2)
711 3795 782 3849 Μο,.·
800 3795 903 3850 ‘vietis'.
922 3824 954 3834 -
973 3797 999 3860 3)
1018 3793 1090 3847 Mo:
1107 3793 1239 3849 ‘aedificio
1260 3835 1267 3847 .
1287 3835 1293 3848 .
1315 3789 1409 3847 .nitnr'.

202 3909 235 3917 -
252 3879 279 3941 4)
299 3878 372 3932 Mo:
391 3880 484 3946 ‘privi'.
503 3909 536 3916 —
553 3881 579 3940 5)
598 3880 719 3933 Tertium
738 3881 786 3933 hoc
805 3881 919 3934 vicorum
938 3896 1022 3950 genus
1040 3895 1092 3933 non
1109 3880 1254 3948 alioquam
1265 3879 1408 3933 hooaucton

202 3965 404 4032 cognitum‘nos
423 3964 520 4018 habere
539 3964 605 4018 dicit
619 3965 692 4018 Mna
707 3983 737 4034 p.
756 3969 822 4032 413,·
840 3966 953 4019 fortasse
973 3967 1062 4020 autem
1080 3963 1114 4022 ad
1131 3967 1254 4018 nostrum
1273 3964 1338 4019 lacit
1353 3962 1410 4015 loeo

201 4049 238 4103 D.
256 4055 280 4115 3,
299 4054 325 4116 2,
343 4053 370 4115 2,
389 4054 417 4102 5:
446 4053 531 4102 ‘scena
549 4079 583 4087 -
600 4051 712 4117 posita*
731 4052 758 4103 in
782 4050 886 4118 publico
904 4051 1040 4118 privatove
1058 4049 1101 4101 vel
1117 4049 1148 4103 in
1166 4047 1239 4113 vico,
1270 4067 1320 4119 qno
1335 4054 1409 4102 tamen

201 4133 256 4187 loco
274 4135 372 4202 passim
391 4135 511 4187 homines
529 4135 674 4202 spectaculi
691 4151 770 4188 causa
788 4134 988 4198 admittantnr';
1007 4135 1119 4191 fortasse
1138 4135 1223 4188 etiam
1240 4134 1281 4187 D.
1299 4138 1341 4199 21,
1358 4136 1377 4193 1,
1391 4132 1409 4190 4,

201 4223 232 4271 1.·
255 4220 308 4286 qui
335 4234 382 4288 per
408 4219 477 4272 uicos
505 4235 576 4285 more
594 4219 744 4273 insanorum
767 4219 912 4272 deridenda
930 4219 1090 4287 loquantur'.
1115 4248 1149 4256 -
1176 4221 1203 4278 dt
1221 4219 1295 4274 Mo:
1323 4219 1368 4272 ‘nit
1384 4242 1408 4252 ··

202 4303 288 4368 llM:
310 4304 431 4372 ‘poenas'.
442 4303 677 4367 -8lPolitianus,
696 4305 742 4372 qni
760 4305 843 4371 ipsius
861 4304 918 4356 cod.
939 4304 1016 4356 Farn.
1036 4303 1101 4356 folia
1119 4303 1264 4372 deperdita
1281 4299 1409 4370 descripsit

202 4386 240 4438 nil
258 4386 340 4440 habet
358 4389 409 4440 nisi
428 4387 554 4442 ‘vindicat
573 4427 578 4439 .
598 4428 603 4439 .
624 4430 629 4442 .
648 4389 717 4441 Xll’.
737 4389 793 4442 Mo.
812 4419 842 4426 -
863 4390 888 4452 9)
908 4389 984 4442 Pol:
997 4390 1066 4447 fsive
1085 4388 1160 4442 litis’.
