2916 4860
115 364 178 428 236
646 362 800 430 Scriptores¹

116 535 291 615 Abemito
315 532 473 615 significat
497 533 616 598 domito
639 535 689 598 vel
707 531 847 612 auferto;
871 552 974 598 emere
999 534 1084 598 enim
1104 535 1232 616 antiqui
1257 535 1336 600 dice·-

116 638 194 701 bant
216 654 275 716 pro
299 637 454 717 accipere.
479 635 514 699 P.
537 640 569 700 4.

115 738 359 820 Aborigines
383 737 540 818 appellati
564 740 648 816 sunt,
671 736 756 817 qu'od
776 743 921 802 errantes
941 738 1149 802 convenerint
1167 739 1200 802 in
1220 757 1335 820 agrum,

116 842 170 921 qui
207 858 291 904 nunc
330 843 380 904 est
420 840 539 919 populi
570 839 724 917 Romani3
744 826 749 835 ’
773 837 836 902 fuit
875 841 959 903 enim
992 858 1075 921 -gens
1116 841 1337 921 antiquissima

114 941 237 1005 ltaliae.
284 939 319 1004 P.
344 944 393 1003 19.
1021 934 1025 940 '

116 1043 289 1106 Accensi
305 1041 505 1120 dicebantur,
523 1042 577 1122 qui
597 1042 628 1105 in
647 1041 752 1106 locum
770 1047 970 1107 mortuorum
989 1043 1129 1107 militum
1148 1044 1258 1108 subito
1271 1045 1336 1108 sub·

115 1143 325 1224 rogabantur,
349 1143 427 1206 dicti
450 1143 505 1222 ita,
530 1143 604 1223 quia
626 1143 667 1207 ad
691 1161 820 1207 censum
843 1144 1077 1210 adiciebantur.
1124 1143 1158 1208 P.
1187 1148 1237 1209 18.
1258 1169 1259 1172 “

116 1247 240 1308 Actus
270 1245 363 1308 modo
396 1241 577 1324 significant
601 1279 640 1288 -
663 1244 726 1308 iter
748 1244 834 1309 inter
860 1245 982 1310 vicinos
1005 1246 1050 1310 IV
1079 1247 1200 1327 pedum
1226 1246 1335 1322 latum;

115 1347 208 1411 modo
225 1347 257 1409 in
273 1345 468 1427 geometrica
482 1347 637 1410 minorem
654 1347 904 1427 partemiugeri,
917 1347 936 1410 i.
949 1366 975 1411 e.
986 1346 1074 1427 CXX
1088 1349 1217 1428 pedum.
1242 1347 1276 1410 P.
1295 1349 1334 1410 17.

118 1449 291 1512 Adorare
320 1447 406 1527 apud
434 1448 584 1528 antiquos
612 1436 816 1528 significabat
839 1467 951 1530 agere,
982 1450 1069 1513 unde
1092 1455 1125 1513 et
1148 1449 1251 1530 legati
1274 1468 1336 1512 ora·

118 1553 205 1613 tores
229 1549 389 1628 dicuntur,
413 1549 489 1628 quia
511 1548 665 1613 mandata
688 1549 799 1629 populi
818 1554 937 1630 agunt..
974 1549 1010 1613 P.
1034 1553 1085 1614 19.

118 1651 390 1730 Adpromissor
408 1655 467 1728 est,
491 1651 555 1732 qui,
576 1650 743 1731 quod¹suo
762 1653 1057 1732 nominepromisit,
1076 1653 1162 1716 idem
1172 1671 1232 1734 pro
1243 1653 1335 1716 altero

117 1771 245 1834 quoque
268 1752 438 1833 promittit.
483 1751 519 1815 P.
543 1756 590 1815 15.

118 1855 335 1936 Adscripti*
345 1854 401 1935 qui
411 1855 444 1917 in
460 1853 599 1918 colonias
613 1854 741 1918 nomina
756 1854 932 1935 dedissent,
949 1860 987 1918 ut
1002 1861 1110 1919 essent
1121 1853 1234 1919 coloni.
1252 1854 1286 1918 P.
1296 1857 1336 1917 14.

118 1955 385 2037 Adscripticii
411 1955 512 2019 veluti
536 1956 668 2036 quidam
692 1956 803 2036 scripti
827 1956 1050 2035 dicebantur,²
1076 1957 1132 2037 qui
1156 1957 1336 2038 supplendis
1361 2034 1364 2039 ,

116 2057 296 2136 legionibus
319 2056 603 2134 adscribebantur3
634 2055 693 2120 hos
716 2061 748 2120 et
772 2075 962 2122 accensos
986 2058 1151 2138 dicebant,
1186 2060 1271 2140 quod
1302 2058 1336 2122 ad

116 2159 280 2239 legionum
303 2176 432 2222 censum
455 2162 563 2222 essent
586 2158 753 2237 adscripti;
777 2159 909 2239 quidam
935 2159 1110 2239 velatos,
1135 2160 1214 2240 quia
1239 2159 1336 2223 vestiti

117 2261 254 2324 inermes
277 2263 492 2341 sequerentur
514 2261 696 2323 exercitum.
741 2259 775 2324 P.
799 2265 848 2323 14.
1001 2345 1003 2349 ¹

117 2361 270 2425 Aedilis
293 2361 384 2425 initio
408 2360 514 2424 dictus
536 2365 595 2439 est,
625 2361 680 2442 qui
704 2362 833 2426 aedium
856 2380 918 2426 non
937 2366 1065 2426 tantum
1089 2381 1268 2443 sacrarum,
1290 2362 1336 2427 sed

118 2463 216 2528 etiam
239 2462 442 2544 privatarum
465 2479 574 2527 curam
598 2465 749 2544 gerebat3
772 2470 887 2544 postea
910 2464 970 2528 hoc
992 2483 1107 2529 nomen
1129 2471 1164 2529 et
1183 2466 1227 2530 ad
1245 2466 1336 2546 magi·

119 2568 243 2628 stratus
266 2564 460 2628 translatum
478 2569 535 2628 est.
575 2564 689 2629 Dictus
712 2572 761 2630 est
784 2571 893 2630 autem
916 2567 1039 2645 aedilis,
1064 2568 1151 2648 quod
1175 2565 1282 2632 facilis
1301 2566 1335 2630 ad

117 2684 189 2729 eum
213 2665 300 2746 plebi
323 2665 431 2729 aditus
456 2671 549 2730 esset.
593 2664 629 2731 P.
656 2669 707 2729 13.

117 2767 272 2832 Aerarii
296 2767 447 2832 tribuni
469 2786 488 2831 a
511 2768 684 2832 tribuendo
706 2786 781 2832 aere
805 2775 881 2832 sunt
905 2769 1069 2849 appellati.
1116 2768 1152 2832 P.
1171 2774 1207 2834 2.

118 2869 477 2949 Aera1·ium*populus
500 2869 665 2933 Romanus
687 2871 719 2933 in
743 2870 822 2934 aede
844 2869 977 2934 Saturni
1000 2870 1124 2935 habuit.
1171 2870 1207 2934 P.
1233 2873 1264 2936 2.

117 2972 337 3035 Aestimate
361 2989 465 3051 poena
488 2971 528 3034 ab
552 2971 692 3052 antiquis
714 2972 755 3035 ab
780 2989 854 3035 aere
878 2972 966 3035 dicta
990 2977 1049 3051 est,
1074 2973 1130 3053 qui
1154 2991 1227 3038 cam
1246 2973 1334 3038 oesti-

118 3075 233 3135 verunt
247 3089 331 3149 aere,
342 3089 432 3134 ovem
444 3071 638 3149 decussiboS,
647 3072 760 3136 bovem
771 3073 978 3137 centussibos.
992 3071 1087 3136 1324.
1100 3073 1157 3156 (cf.
1169 3074 1334 3155 Maximo.)

119 3173 250 3236 Aliuta
272 3178 325 3237 etc.
349 3194 375 3234 o.
400 3172 472 3253 Lep.
497 3171 592 3237 Nom.
614 3174 660 3236 15.
707 3172 742 3236 P.
767 3178 796 3238 6.

119 3273 261 3340 dilecti
280 3275 469 3338 dicebantur
484 3274 571 3355 apud
586 3274 757 3354 Romanos,
777 3277 831 3357 qui
849 3281 983 3358 propter
993 3277 1136 3357 inopiam
1153 3297 1193 3341 ex
1203 3277 1337 3360 equestri

118 3376 230 3439 ordine
246 3376 278 3439 in
297 3381 483 3441 senatorum
501 3380 577 3439 sunt
594 3395 728 3441 numero
747 3379 921 3457 adsumpti.
954 3377 1037 3442 Nam
1056 3384 1169 3459 patres
1188 3381 1338 3457 dicuntur,

120 3643 234 3710 repertis
259 3644 342 3696 trium
369 3646 572 3712 quaternionum
605 3644 802 3712 deperditorum
829 3646 890 3698 aliis
916 3647 1077 3715 apographis
1104 3651 1213 3716 practer
1239 3646 1337 3703 schedas

120 3727 253 3791 Laetinas
272 3743 295 3780 a.
315 3729 383 3781 1864
400 3728 484 3782 ‘Festi
501 3729 558 3782 cod.
577 3735 650 3796 qaut.
661 3729 746 3783 XVI‘
760 3729 848 3783 denuo
862 3729 954 3784 edidit.
965 3730 1039 3783 —ln
1057 3731 1109 3785 hac
1122 3733 1336 3788 meacollectione

120 3814 224 3864 textum
243 3827 257 3864 o
275 3812 426 3865 recensione
445 3800 569 3866 Muelleri
586 3814 684 3882 recepi,
703 3814 773 3868 notia
792 3814 837 3867 ubi
856 3830 920 3882 opus
938 3815 1081 3869 videbatur
1098 3816 1223 3884 adiectis,
1241 3817 1336 3885 singula

119 3896 200 3948 verba
223 3912 254 3948 ex
276 3895 367 3950 ordine
392 3896 562 3963 alphabetico
584 3898 713 3966 disposui,
731 3899 831 3952 litteris
849 3899 975 3966 Haedua)
995 3900 1103 3967 Hora.)
1122 3902 1247 3969 Lloetue)
1265 3900 1336 3970 Kltill

120 3981 193 4034 Moe.
214 3980 271 4035 Mo.
291 3980 379 4034 fontes
397 3980 534 4045 denotavi,
557 3999 724 4036 numerorum
741 3985 812 4037 notis
832 3985 948 4053 paginas
975 3983 1102 4039 editionis
1126 3987 1202 4043 Moe.
1225 3985 1336 4042 indicavi.

121 4067 172 4120 Ubi
191 4065 224 4120 P.
248 4067 355 4135 supplet
378 4066 421 4132 F,
445 4071 588 4135 utrumque
605 4069 746 4122 nominavi.
768 4099 799 4106 -
822 4070 848 4132 2)
866 4069 991 4123 ‘Pecunia
1008 4071 1067 4138 ipsa
1084 4087 1101 4123 a
1119 4088 1214 4140 pecore
1231 4073 1336 4142 appella·

120 4150 205 4204 batur.
233 4151 322 4204 Etiam
339 4168 408 4206 nunc
430 4153 457 4205 in
475 4152 577 4206 tabulis
595 4153 719 4206 censoriis
734 4170 832 4222 pascua
846 4154 973 4207 dicuntur
981 4155 1078 4220 omnia,
1087 4157 1228 4225 exquibus
1236 4158 1336 4228 populus

120 4234 222 4288 reditus
239 4235 331 4302 habet,
349 4236 412 4304 quia
429 4235 475 4289 diu
493 4236 543 4288 hoc
561 4238 646 4290 solum
664 4239 783 4305 vectigal
800 4239 903 4293 iuerat'.
940 4237 1014 4291 Pan.
1033 4240 1057 4292 b.
1076 4257 1103 4293 a.
1122 4245 1167 4308 18,
1185 4246 1269 4310 3,11.

190 4319 215 4386 1)
234 4320 421 4374 Scribendum:
446 4320 523 4389 ‘quod
546 4323 604 4389 quis
628 4337 675 4375 suo
697 4324 811 4376 nornine'
833 4323 900 4378 etc?
922 4353 956 4363 -
980 4322 1334 4396 at‘ve1‚utiquidam,ad·

124 4403 253 4470 scriptivi'
278 4403 381 4472 Wolcb,
399 4406 433 4460 ad
455 4406 516 4459 Tac.
535 4406 627 4474 Apric.
645 4410 707 4460 265.
725 4408 759 4462 cf.
784 4407 880 4475 Varro,
896 4408 913 4462 l.
932 4409 949 4462 l.
968 4413 992 4475 7,
1010 4413 1051 4462 56.
