2916 4860
663 368 789 422 Isidorus.
1277 367 1336 432 301

202 543 233 624 2,
256 542 284 606 2.
309 543 380 607 Fas
410 542 462 606 lex
495 541 615 613 divina,
647 541 707 605 ius
739 540 791 604 lex
822 539 964 604 humana
996 543 1053 603 θεῖ.
1098 539 1250 604 Transire
1282 558 1340 620 per

113 644 646 723 mmmmwmm

170 765 177 768 ’
204 745 234 828 3,
257 745 286 812 2.
308 745 383 810 Lex
405 751 456 810 est
479 745 668 811 constitutio
691 743 822 825 scripta.
850 744 928 808 Mos
953 747 1001 808 est
1023 748 1188 809 vetustate
1204 743 1340 823 probata

115 849 328 928 consuetudo,
353 849 419 912 sive
441 847 493 912 lex
516 865 578 912 non
602 845 732 927 scripta.
762 842 791 908 3.
810 844 881 909 Mos
899 849 1007 909 autem
1026 845 1121 926 longa
1143 846 1340 911 consuetudo

115 958 169 1018 est
201 953 240 1016 de
272 949 414 1014 moribus
436 953 545 1013 tracta
568 948 768 1013 tantundem.
809 945 1060 1011 Consuetudo
1087 951 1197 1012 autem
1220 952 1270 1012 θεῖ
1292 948 1341 1012 ius

113 1053 278 1136 quoddam
296 1051 438 1116 moribus
456 1051 653 1128 institutum,
671 1049 757 1130 quod
775 1050 920 1132 prolege
938 1049 1124 1129 suscipitur,
1143 1067 1215 1113 cum
1234 1047 1342 1114 deficit
1365 1035 1368 1040 ’

112 1156 182 1234 lex3
206 1172 265 1218 nec
291 1151 405 1232 differt,
429 1150 589 1230 scriptura
612 1169 654 1215 an
681 1151 805 1216 ratione
834 1152 999 1231 consistat,
1022 1151 1152 1232 quando
1179 1155 1212 1215 et
1238 1150 1342 1231 legem

113 1256 203 1322 ratio
223 1255 433 1321 commendet.

205 1355 256 1437 24,
279 1355 309 1421 5.
333 1355 624 1421 Testamentum
652 1355 731 1419 iuris
759 1355 861 1420 civilis
888 1360 937 1418 est
961 1355 988 1419 V
1021 1355 1153 1420 testium
1180 1354 1342 1435 signatum

115 1459 229 1541 signis,
261 1457 497 1538 subscriptione
528 1454 701 1521 firmatum.
747 1453 774 1520 6.
798 1455 884 1521 Τθεῖ.
917 1457 996 1521 iuris
1027 1457 1183 1538 praetorii
1210 1461 1260 1520 θεῖ
1282 1456 1343 1519 VII

116 1560 255 1626 testium
274 1559 376 1642 signis
395 1560 573 1641 signatum
597 1558 654 1622 sed
669 1558 750 1622 illud
769 1557 857 1639 apud
873 1557 957 1623 cives
974 1556 1020 1636 fit,
1045 1558 1119 1623 inde
1132 1557 1233 1638 civile,
1256 1557 1344 1623 istud

117 1662 209 1743 apud
232 1667 427 1742 praestores,
451 1661 526 1725 inde
549 1660 630 1724 iuris
648 1661 812 1741 praetorii.
838 1657 888 1722 14.
908 1657 1141 1740 Codioellus,
1166 1667 1203 1725 ut
1218 1664 1343 1724 veteres

114 1765 219 1842 aiunt,
252 1762 321 1826 sine
354 1762 452 1827 dubio
484 1762 524 1826 ab
557 1768 690 1826 auctore
722 1762 841 1841 dictus,
874 1762 930 1843 qui
957 1762 1016 1826 hoc
1039 1763 1220 1843 scripturae
1243 1778 1343 1843 genus

117 1865 272 1946 instituit.
323 1863 384 1928 Est
415 1867 524 1927 autem
556 1864 719 1943 scriptura
750 1863 840 1928 nulla
872 1863 1019 1944 indigens
1050 1865 1242 1930 solennitate
1273 1882 1344 1927 ver·

114 1969 242 2045 borum,
266 1966 322 2031 sed
351 1965 419 2029 sola
442 1965 608 2029 testatoris
630 1963 798 2029 voluntate
822 1965 1036 2046 qualicunque
1066 1967 1247 2047 scripturae
1270 1983 1343 2046 pro-

116 2068 326 2133 nuntiatione
358 2084 522 2147 expressa;
555 2066 646 2131 ouius
677 2065 830 2131 beneficio
863 2067 1085 2132 voluntatibus
1120 2065 1343 2133 defunctorum

117 2174 247 2236 constat
270 2186 339 2233 θεεθ
363 2167 558 2232 subventum
580 2173 714 2250 propter
736 2168 891 2250 legalium
913 2169 1085 2234 verborum
1108 2167 1341 2246 difficultatem,

118 2276 178 2336 aut
206 2275 293 2335 certe
320 2275 454 2352 propter
481 2270 707 2335 necessitatem
738 2267 991 2337 adhibendorum
1018 2272 1206 2349 solennium,
1230 2271 1276 2335 ita
1308 2277 1343 2334 ut

117 2374 175 2456 qui
207 2372 380 2451 scriberet,
419 2377 451 2438 et
482 2373 615 2437 titulum
643 2373 785 2438 eiusdem
817 2374 998 2454 scripturae
1024 2374 1212 2439 codicellum
1243 2377 1343 2437 vocet.

119 2474 170 2541 15.
195 2473 326 2540 Oratio
350 2479 400 2539 θεῖ
423 2479 531 2539 certus
554 2475 678 2539 dierum
702 2493 869 2555 numeruS,
904 2475 937 2539 in
969 2493 1032 2558 quo
1059 2475 1228 2540 institutus
1250 2475 1343 2538 heres

117 2583 178 2642 aut
201 2577 270 2642 adit
293 2577 517 2654 hereditatem,
541 2582 600 2640 aut
622 2574 712 2640 finito
736 2581 880 2657 tempore
904 2578 1055 2642 cretionis
1075 2577 1262 2656 secluditur,
1285 2594 1342 2640 nec
1394 2636 1397 2643 .

117 2681 257 2745 liberum
288 2684 338 2743 est
370 2678 417 2743 illi
446 2679 533 2744 ultra
567 2678 743 2758 capiendae
781 2677 983 2743 hereditatis.
1038 2677 1088 2742 20.
1120 2679 1343 2744 Mandatum

118 2783 253 2861 dictum,
278 2782 363 2864 quod
385 2781 461 2845 olim
479 2781 512 2844 in
531 2781 698 2844 commisso
718 2780 847 2860 negotio
866 2779 950 2843 alter
968 2779 1063 2844 alteri
1081 2798 1211 2845 manum
1229 2779 1341 2842 dabat.

119 2882 172 2946 25.
204 2884 385 2958 Donatio,
418 2881 590 2947 cuiuslibet
623 2882 671 2946 rei
701 2882 896 2959 transactio,
918 2917 961 2925 -
984 2882 1126 2946 dicunt*
1142 2880 1234 2962 quasi
1267 2880 1341 2944 dom

119 2985 288 3065 actionem,
312 2988 344 3049 et
367 2984 474 3049 dotem
499 2986 592 3065 quasi
616 2984 666 3047 ‘do
689 2981 786 3047 item?
824 2983 1040 3048 Praecedente
1059 2984 1143 3048 enim
1166 2982 1198 3046 in
1221 2981 1343 3061 nuptiis

119 3087 302 3164 donatione,
326 3087 383 3150 dos
402 3085 556 3166 sequitur.
583 3083 634 3148 26.
653 3084 737 3150 Nam
756 3085 909 3167 antiquus
923 3086 1147 3167 nuptiarum
1162 3089 1233 3148 erat
1251 3083 1342 3162 ritus

120 3208 185 3271 quo
201 3206 235 3254 se
250 3187 387 3252 maritus
402 3193 436 3252 et
452 3207 531 3252 uxor
547 3189 682 3253 invicem
701 3188 860 3267 emebant,
880 3206 920 3252 ne
938 3188 1104 3252 videretur
1120 3206 1200 3251 uxor
1215 3184 1340 3263 ancilla,

118 3293 205 3357 sicut
231 3291 388 3356 habemus
414 3290 447 3354 in
473 3291 551 3355 iure.
598 3290 688 3356 Unde
716 3294 783 3368 est,
814 3290 901 3371 quod
924 3290 1136 3370 praecedente
1170 3288 1341 3352 donatione

117 3394 180 3458 viri
202 3393 349 3475 sequitur
371 3393 428 3457 dos
451 3393 568 3457 uxoris.
613 3389 663 3455 27.
687 3393 828 3457 Donatio
847 3390 1091 3456 usufructuaria
1114 3391 1187 3455 ideo
1211 3389 1341 3469 dicitur,

117 3495 207 3577 quod
239 3495 375 3559 donator
405 3513 444 3558 ex
474 3513 512 3559 ea
534 3493 698 3559 fructuum
721 3513 815 3558 usum
834 3493 939 3558 adbuc
961 3493 1095 3572 retinet,
1127 3496 1265 3568 servato,
1290 3492 1342 3556 cui

117 3598 274 3662 donatum
297 3601 357 3675 est,
380 3597 458 3661 iure.
494 3594 543 3659 28.
568 3597 710 3661 Donatio
735 3597 858 3661 directa
882 3595 954 3659 ideo
976 3599 1191 3675 nuncupatur,
1214 3593 1290 3675 quia
1310 3598 1341 3657 et

116 3701 189 3763 iure
213 3703 245 3762 et
267 3717 328 3763 usu
352 3698 463 3762 statim
487 3699 607 3762 transit
630 3699 661 3761 in
686 3698 840 3776 alterum,
868 3714 926 3760 nec
948 3696 1034 3760 ultra
1057 3695 1131 3760 inde
1155 3695 1278 3776 aliquid
1300 3695 1339 3758 ad

115 3802 169 3864 ius
199 3800 365 3865 donatoris
397 3805 612 3880 retorquetur.
665 3797 715 3863 30.
747 3798 968 3881 Stipulatio
1005 3804 1054 3861 est
1090 3797 1258 3878 promissio
1290 3796 1340 3860 vel

116 3901 258 3983 sponsio,
282 3902 366 3966 unde
389 3907 422 3965 et
444 3902 653 3982 stipulatores
676 3901 1076 3981 p1·omissoresvooantur;
1101 3898 1188 3962 dicta
1210 3902 1339 3962 autem*
1403 3959 1407 3977 ,

116 4022 136 4066 θ
156 4002 289 4082 stipula:
308 4006 433 4067 veteres
452 4003 545 4082 enim,
563 4004 690 4085 quando
707 4001 767 4066 sibi
785 4001 907 4082 aliquid
925 3999 1169 4081 promittebant,
1185 3998 1339 4079 stipulam
1438 4077 1440 4082 Ι

115 4110 267 4169 ῖθθθθῖθε
289 4100 493 4185 frangebant,
516 4122 613 4186 quam
636 4105 755 4168 iterum
778 4104 948 4184 iungentes
978 4101 1165 4182 sponsiones
1188 4119 1263 4165 suas
1283 4119 1338 4182 ag·
1413 4178 1414 4181 Ἴ

115 4205 322 4270 noscebant.l
365 4202 416 4268 31.
440 4205 733 4271 Sacramentum
757 4211 805 4269 est
827 4205 944 4286 pignus
968 4203 1155 4284 sponsionis.

189 4341 214 4405 1)
233 4338 375 4406 Perperam
400 4339 462 4393 Otto
487 4356 500 4393 e
526 4338 580 4394 cod.
604 4338 714 4406 Guelph.
741 4336 829 4390 addit:
857 4337 918 4389 ‘sive
945 4335 1014 4405 quod
1041 4334 1167 4404 stipulam
1194 4336 1337 4392 secundum

115 4423 232 4477 Paulum
251 4423 393 4477 iuridioum
411 4429 484 4492 (seat.
502 4427 526 4488 5,
545 4427 570 4486 7,
588 4426 614 4489 1)
632 4423 736 4476 firmum
755 4423 951 4476 sacramentum
968 4422 1187 4490 appellaremus.
