2916 4860
601 431 714 485 Senatus
734 431 861 484 consulta.
1281 431 1342 497 133

116 607 228 671 tentia
251 607 298 670 ita
321 603 396 668 fuit:
416 601 476 668 ‘sei
500 622 578 684 ques
597 608 696 680 esent,
720 603 795 684 quei
815 620 980 666 arvorsum
999 603 1060 666 ead
1079 601 1222 682 iecisent,
1246 623 1341 686 quam

117 709 242 789 suprad
268 707 273 790 Ι
301 707 546 787 scriptumest,
570 706 635 769 eeis
657 723 724 767 rem
748 705 929 784 caputalem
956 703 1137 769 faciendam
1161 724 1312 770 censuere
1323 702 1338 785 ·,'
1350 714 1391 768 25.

116 818 219 892 atque
244 810 312 872 utei
332 806 336 892 Ι
355 809 433 871 hoce
458 808 490 870 in
512 807 653 872 tabolam
676 806 810 869 ahenam
833 807 1046 885 inceideretis
1071 807 1117 870 ita
1140 813 1272 873 senatus
1295 809 1341 873 ai·

116 931 217 994 quom
236 912 369 986 censuit,
390 913 394 992 Ι
414 910 545 990 uteique
562 927 632 972 eam
646 906 738 989 figier
752 907 920 986 ioubeatis,
931 909 1005 972 ubei
1016 907 1184 973 iacilumed
1197 912 1343 991 gnoscier'

116 1015 248 1095 potisit3
272 1018 370 1094 atque
390 1013 394 1093 Ι
417 1012 482 1075 otei
505 1030 543 1075 θα
564 1008 743 1088 bacanalia,
768 1011 813 1074 sei
837 1030 901 1091 qua
925 1016 1009 1090 sunt,
1033 1011 1162 1075 exstrad
1179 1030 1276 1093 quam
1295 1013 1341 1076 sei

116 1117 197 1198 quid
229 1116 294 1181 ibei
318 1115 401 1178 sacri
429 1118 487 1192 est,
508 1117 512 1194 Ι
532 1114 579 1176 ita
600 1113 669 1175 utei
692 1112 813 1191 suprad
836 1113 989 1192 scriptum
1013 1119 1078 1192 est,
1109 1113 1142 1176 in
1166 1113 1279 1177 diebus
1301 1113 1340 1193 X,

116 1218 237 1299 quibus
259 1218 368 1280 vobeis
390 1216 512 1280 tabelai
530 1214 621 1279 datai
641 1213 644 1296 Ι
666 1219 769 1292 erunt,
794 1212 918 1280 faciatis
941 1215 1009 1277 utei
1033 1214 1171 1279 dismota
1193 1216 1285 1279 sient.
1301 1223 1391 1277 mtto.

116 1319 154 1382 In
178 1336 258 1398 agro
282 1317 437 1382 Teurano.

272 1452 300 1514 2.
335 1452 390 1518 SC.
409 1455 457 1517 de
476 1452 723 1533 philosophis
746 1456 779 1514 et
797 1452 1036 1533 rhetoribus,
1062 1473 1089 1517 a.
1114 1449 1186 1517 593.

202 1563 303 1648 (Suet.
328 1565 364 1629 dc
395 1564 469 1627 chor.
493 1559 778 1627 rhet.c.1.:‘vetus
803 1561 859 1626 SC.
883 1564 961 1627 item
984 1566 1163 1630 censorium
1186 1566 1341 1632 edictum¹

114 1659 325 1747 subiiciam':)

202 1767 236 1832 C.
260 1768 382 1832 Fannio
411 1766 584 1845 Strabone,
611 1765 652 1829 Μ.
676 1765 806 1830 Valerio
829 1767 967 1832 Messala
996 1786 1057 1832 cos.
1081 1768 1123 1834 M.
1145 1770 1340 1850 Pomponius

112 1876 247 1952 praetor
270 1876 417 1934 senatum
441 1870 608 1934 consuluit.
640 1868 731 1945 Quod
754 1870 853 1933 verba
875 1868 961 1949 facta
984 1875 1058 1934 sunt
1080 1872 1119 1934 de
1143 1871 1340 1953 philosophis

114 1979 148 2036 et
171 1974 212 2036 de
235 1971 429 2050 rhetoribus,
450 1973 489 2035 de
512 1990 551 2036 ea
573 1963 670 2035 reita
690 1977 901 2035 censuerunt:
924 1977 961 2036 ut
976 1971 1019 2035 M.
1038 1973 1232 2053 Pomponius
1247 1992 1339 2054 prae-

112 2080 164 2138 tor
197 2074 470 2138 animadverteret
500 2078 707 2154 curaretque,
741 2073 789 2136 uti
821 2074 850 2137 ei
887 2092 904 2137 θ
931 2074 1097 2154 republica
1126 2072 1252 2156 fideque
1280 2095 1339 2141 sua

114 2178 290 2256 videretur,
315 2182 351 2240 ut
374 2177 492 2240 Romae
516 2194 555 2239 ne
579 2180 694 2239 essent.

383 2310 412 2373 3.
457 2311 513 2376 SC.
538 2313 582 2376 de
606 2312 856 2389 Tiburtibus
880 2331 961 2378 saec.
985 2312 1071 2378 ΙΙΙΙ.2

199 2422 234 2487 L.
259 2422 432 2502 Cornelius,
456 2421 513 2486 Cn.
536 2421 568 2501 i,
591 2422 750 2503 pr(aetor)
770 2440 834 2486 sen.
859 2422 1046 2506 condoluit)
1065 2443 1093 2488 a.
1112 2424 1141 2488 d.
1160 2422 1219 2487 111.
1238 2443 1339 2491 nonas

113 2525 217 2590 Maias
241 2525 301 2588 sub
325 2526 405 2589 aede
423 2525 591 2588 Kastorus.
612 2520 616 2606 Ι
637 2523 703 2587 Ser.
728 2522 791 2587 aelf,
805 2523 842 2586 A.
854 2525 1003 2607 Manlius,
1026 2525 1062 2590 A.
1085 2525 1115 2605 f,
1142 2525 1211 2591 Ser.
1236 2527 1338 2593 Iulius

117 2678 123 2691 .
143 2678 149 2691 .
170 2679 176 2691 .
193 2627 229 2690 L.
249 2627 441 2706 Postumius,
465 2625 495 2690 S.
515 2624 534 2688 f.
557 2628 561 2706 Ι
580 2624 673 2701 Quod
692 2626 861 2690 Teiburtes
875 2611 1009 2730 ‘beroa
1032 2627 1181 2711 desistis)
1207 2631 1337 2710 quibus-

116 2748 175 2812 que
211 2730 251 2793 de
274 2731 371 2793 rebus
389 2747 445 2793 vos
464 2728 675 2809 purgandis,
703 2746 740 2791 ea
764 2733 896 2792 senatus
927 2726 931 2812 Ι
960 2732 1102 2794 animum
1125 2733 1267 2799 advortit
1289 2734 1337 2798 ita

116 2834 182 2896 utei
206 2849 343 2912 aequom
362 2829 430 2895 fnit.
476 2830 605 2911 Nosque
628 2848 667 2893 ea
690 2830 736 2893 ita
760 2830 995 2911 audiveramus,
1014 2831 1024 2913 ΙΙ
1041 2837 1076 2896 ut
1098 2852 1154 2898 vos
1173 2835 1336 2900 deixsistis
1346 2853 1370 2907 5.

114 2934 224 2999 roheis
243 2935 391 2997 nontiata
410 2951 500 2998 esse·
533 2931 582 2996 Ea
605 2950 662 2996 nos
685 2932 826 2996 animum
850 2932 1029 3017 nostrum!
1058 2954 1118 2999 non
1143 2936 1337 3002 indouceba-

114 3054 184 3100 mus
208 3035 256 3098 it'a
278 3033 366 3099 iacta
390 3022 459 3098 esse
483 3038 616 3114 propter
638 3053 676 3099 ea
700 3035 786 3116 quod
806 3035 964 3100 scibamus
984 3033 989 3119 Ι
1009 3055 1047 3100 θα
1070 3055 1125 3101 vos
1143 3038 1258 3102 merito
1281 3058 1338 3104 no-

116 3145 181 3202 stro
197 3135 307 3202 iacere
325 3154 386 3201 non
405 3134 558 3216 pot'uisse,
576 3155 681 3217 neque
698 3155 754 3200 vos
773 3138 886 3217 dignos
903 3156 982 3216 esse,
1004 3135 1008 3220 Ι
1028 3139 1102 3218 quei
1122 3157 1160 3203 θα
1176 3137 1334 3218 faceretis,

113 3258 216 3320 neque
248 3239 283 3303 id
313 3239 425 3302 uobeis
449 3256 552 3318 neque
575 3239 622 3302 rei
645 3238 791 3319 poplicae
823 3246 951 3303 vostrae
981 3238 984 3321 Ι
1009 3240 1097 3303 oitile
1129 3258 1197 3304 esse
1220 3239 1335 3305 facere.

113 3341 154 3406 nt
176 3345 350 3422 postquam
373 3346 483 3405 vostra
501 3340 601 3403 verba
620 3346 751 3404 senatus
770 3341 910 3420 audivit,
928 3338 939 3423 ΙΙ
955 3346 1047 3406 tanto
1065 3343 1169 3422 magis
1189 3344 1332 3407 animum
1344 3355 1384 3408 10.

105 3449 257 3508 'nostrum
279 3443 490 3522 indoucimus,
514 3442 562 3505 ita
584 3443 651 3505 utei
675 3447 751 3506 ante
780 3441 784 3523 Ι
813 3443 1055 3507 arbitrabamur
1078 3445 1117 3507 de
1141 3444 1218 3508 eicis
1240 3447 1336 3510 rebus

114 3545 144 3613 ai
164 3545 277 3609 vobeis
299 3551 466 3624 peccatum
488 3562 551 3608 non
575 3562 652 3608 esse.
682 3542 685 3628 Ι
717 3543 873 3624 Quodque
901 3545 940 3608 de
966 3545 1044 3609 eicis
1068 3546 1165 3610 rebus
1188 3547 1336 3611 senatuei

113 3648 244 3729 purgati
254 3648 342 3726 estis,
363 3647 522 3710 credimus
533 3664 652 3727 vosque
672 3643 677 3724 Ι
698 3647 840 3711 animum
855 3654 998 3710 vostrum
1014 3647 1186 3713 indoucere
1197 3654 1335 3729 oportet,

113 3748 187 3814 item
210 3767 268 3813 vos
291 3749 410 3830 populo
430 3745 434 3828 Ι
455 3749 598 3812 Romano
621 3754 778 3830 purgatos
801 3747 877 3812 fore.

177 3903 202 3966 1>
224 3901 370 3967 Utrumque
379 3899 487 3952 exhibet
496 3900 577 3952 etiam
588 3898 654 3952 Geel.
664 3903 705 3961 15,
715 3904 763 3966 11,·
773 3899 812 3952 ed.
823 3916 892 3952 cens.
902 3917 924 3952 v.
935 3900 1003 3953 infra
1013 3917 1033 3955 c.
1051 3901 1140 3965 V,111.
1150 3905 1216 3964 -2Ι
1228 3901 1255 3956 0.
1266 3902 1290 3955 Ι.
1300 3902 1334 3954 L.

115 3989 134 4049 1,
148 3989 200 4039 107
215 4002 242 4037 a.
261 3988 323 4038 201.
339 3984 361 4036 E
376 3984 471 4037 tabula
484 3985 592 4044 ahenea,
612 4001 676 4052 quae
696 4001 762 4038 saec.
774 3985 838 4037 XVI
857 3985 955 4038 Tibure
972 3990 1078 4053 reperta
1096 3987 1173 4041 hodie
1190 3989 1237 4039 aut
1255 3987 1335 4049 periit

115 4073 155 4122 ant
172 4071 252 4123 latet.
272 4068 393 4121 Primum
407 4068 480 4122 edita
488 4072 529 4122 est
539 4068 572 4121 ab
586 4069 683 4122 Ursiao
695 4069 737 4135 (ad
755 4071 869 4138 Aarpast.
888 4069 920 4122 de
937 4070 984 4139 lep.
1003 4073 1060 4137 22),
1075 4067 1335 4138 postremoetabnla

115 4151 166 4219 ipsa
183 4155 217 4208 ab
241 4154 335 4207 Eaaio
359 4153 477 4207 Viacoati
499 4154 576 4218 (icon.
598 4170 663 4206 rom.
686 4159 710 4215 1,
729 4157 780 4207 89Ι.
818 4155 899 4206 Aetas
919 4155 1020 4208 incerta
1038 4158 1091 4210 est:
1110 4158 1138 4208 in
1156 4155 1226 4208 bello
1244 4155 1334 4207 sociali

116 4250 132 4292 a.
151 4240 203 4293 664
220 4239 396 4306 conscriptam
413 4241 492 4304 putat
513 4238 589 4304 Visa,
608 4238 641 4290 ad
659 4238 869 4292 coniurationem
879 4239 1057 4294 Sertorianum
1075 4259 1099 4294 a.
1118 4242 1167 4294 676
1186 4240 1333 4293 retertMo.

115 4317 202 4388 Ipsum
229 4323 276 4379 SC.
303 4340 356 4376 non
378 4339 447 4388 esse,
472 4323 518 4376 sed
543 4339 697 4390 responsum
727 4323 815 4389 potins
839 4327 969 4391 praetoris
992 4343 1022 4378 ex
1041 4324 1087 4379 SC,
1105 4324 1249 4387 redditum,
1275 4342 1335 4378 con-

114 4417 184 4460 versa
208 4409 327 4463 oratione
350 4425 381 4462 ex
406 4409 489 4461 tertia
511 4424 623 4476 persona
645 4408 672 4459 in
696 4407 850 4472 secundam,
874 4410 929 4463 iam
946 4409 1109 4463 existimavit
1133 4408 1200 4474 Urs,
1219 4409 1246 4462 id
1265 4410 1333 4478 quod

114 4492 262 4560 comprobat
280 4493 337 4549 Mo.
