2916 4860
605 332 691 398 Leges
710 334 808 400 regiae.

571 512 604 566 b.
629 511 845 566 Familia.

183 643 208 704 i.
232 640 539 724 Dtoo,.(2,25):1‘0
562 642 598 732 di
618 639 782 726 Ῥωμύλος
802 679 845 686 -
869 637 1072 724 ἕναινόμον
1095 679 1136 687 -
1159 660 1324 727 καταστη-

97 742 239 828 σάμενος
263 744 309 820 εἰς
331 733 553 828 σώφροσύνην
576 782 616 788 -
641 738 738 829 ἥχαχε
770 743 830 820 τὰς
857 756 1023 828 γυναῖκας.
1054 734 1094 829 ἦν
1126 744 1163 809 δὲ
1191 742 1324 820 recoctio

96 845 114 913 ὁ
140 844 252 931 νόμος·
275 860 417 929 γυναῖκα
433 845 578 931 γαμετὴν
597 845 659 926 τὴν
682 848 768 913 κατὰ
791 845 937 932 χοὶμους2
959 847 1069 932 ἱεροὺς
1092 851 1324 913 συνελθοῦσαν

97 945 197 1033 ἀνδρὶ
220 948 392 1014 κοινωνὸν
415 945 578 1014 ἁπάντων
601 945 687 1014 εἶναι
708 948 888 1034 χρημάτων
911 975 947 1015 τε
970 952 1024 1015 καὶ
1049 949 1158 1033 ἱεροῦν.
1235 990 1236 993 =

182 1051 209 1116 8.
227 1053 462 1129 Dioc.(2,25):3
479 1056 590 1116 Ταῦτα
602 1090 618 1118 s
629 1050 661 1116 oi
672 1067 840 1136 σνγχενεῑς
847 1051 931 1137 μετὰ
941 1059 1004 1118 τοῦ
1020 1049 1146 1139 ἀνδρὸς
1160 1053 1327 1137 ἐδίκαζον

96 1157 133 1222 ἐν
157 1151 207 1231 οἷς
230 1145 270 1238 ἦν
293 1153 409 1236 φθορὰ
433 1150 596 1237 σώματος,
619 1156 674 1218 καὶ
695 1192 739 1200 -
762 1155 790 1219 εἲ
814 1180 864 1231 τις
891 1151 988 1220 οἶνον
1019 1152 1173 1240 εὑρεθείη
1199 1161 1325 1221 πιοῦσα

96 1256 188 1344 γυνή.
226 1253 399 1341 ἀμφότερα
433 1254 496 1339 γὰρ
531 1261 637 1320 ταῦτα
674 1254 819 1340 θανάτῳ
857 1263 996 1343 ζημιοῦν
1033 1255 1266 1342 συνεχώρησεν
1307 1256 1324 1324 ὁ

93 1357 266 1444 Ῥωμύλος.
335 1357 337 1360 ’
362 1355 364 1361 ’
456 1443 472 1448 ..
505 1355 507 1360 ¹
705 1355 708 1362 ’
1096 1355 1099 1360 ’

182 1462 210 1527 9.
235 1461 320 1526 Prot.
335 1461 434 1542 (Rern.
451 1460 546 1542 22)·4
563 1454 683 1545 Ἔθηκε
703 1461 740 1527 δὲ
759 1462 815 1525 καὶ
834 1458 959 1545 νόμους
977 1459 1073 1538 τινάς
1090 1457 1121 1541 (ὁ
1139 1459 1329 1545 Ῥωμύλος),

98 1555 147 1630 ὧν
170 1561 319 1647 σφοδρὸς
341 1565 401 1646 μέν
428 1561 519 1627 ἐστιν
551 1559 569 1626 ὁ
602 1564 734 1647 γυναικὶ
762 1562 806 1649 μη
833 1563 955 1651 διδοὺς
987 1559 1183 1629 ἀπολείπειν
1211 1558 1329 1648 ἄνδρα,

98 1680 238 1744 γυναῖκα
270 1666 307 1730 dt
336 1663 452 1740 διδοὺς
480 1661 653 1744 ἐκβάλλειν
684 1663 738 1729 ἐπὶ
766 1667 953 1754 φαρμακείη
985 1666 1115 1730 τέκνων
1139 1661 1158 1751 ἢ
1181 1667 1329 1731 κλειδῶν

98 1767 249 1852 ὑποβολῇ
280 1769 336 1832 καὶ
366 1756 609 1852 μοιχευθεῖσαν·
642 1767 669 1831 εἰ
701 1763 729 1830 δ’
763 1761 872 1844 ἄλλοις
899 1792 950 1844 τις
977 1763 1234 1852 ἀποπέμψαντα,
1269 1773 1328 1852 τῆς

97 1866 213 1948 ὀὐσίας
236 1865 342 1935 αὐτοῦ
366 1869 406 1934 τὸ
437 1871 499 1953 μὲν
521 1873 582 1955 τῆς
613 1868 771 1952 γυναικὸς
803 1866 905 1950 εἶναι,
937 1869 977 1937 τὸ
1006 1872 1042 1935 dir
1072 1868 1328 1956 siciliensem

99 1972 191 2058 ἱερὸν
223 1963 378 2037 κελεύων·
411 1969 474 2036 τὸν
504 1967 532 2035 ‹l'
566 1965 783 2055 ἀποδόμενον
816 1985 957 2057 γυναῖκα
988 1969 1330 2055 θύεσθαι-χθονίοις

98 2083 202 2151 θεοῖς.
945 2066 947 2069 ’
1331 2088 1333 2091 ’

96 2200 97 2203 ’
145 2220 163 2227 <1
186 2176 233 2242 10.
259 2177 356 2242 Dion.
373 2175 582 2260 (2,26.27.);5
602 2174 644 2256 (Ὁ
656 2173 835 2262 Ῥωμύλος)
855 2169 1153 2244 ἅπασανίἕδονκεν
1175 2178 1331 2256 ἐξουσίαν

99 2281 201 2364 πατρὶ
225 2273 302 2345 καθ’
328 2268 423 2354 υἱοῦ,
444 2268 501 2343 καὶ
522 2277 613 2362 παρὰ
645 2271 758 2343 πάντα
781 2278 843 2344 τὸν
862 2268 929 2344 τοῦ
951 2267 1027 2360 βίον
1047 2276 1181 2363 χρόνον,
1205 2278 1270 2344 εὀίν
1294 2303 1329 2344 τε

102 2383 239 2464 εἴργειν,
271 2377 331 2448 ἐάν
348 2404 385 2445 τε
407 2384 610 2464 μαστιγοῦν,
643 2377 702 2445 εὀἱν
734 2404 770 2445 τε
793 2381 930 2465 δέσμιον
952 2382 1007 2448 ἐπὶ
1031 2387 1102 2448 τῶν
1125 2377 1196 2446 κατ’
1223 2377 1330 2466 ἀγρὸν

32 2477 34 2486 ’
101 2483 209 2568 ἔργον
231 2480 389 2566 κατέχειν,
421 2480 540 2548 ἐάντε
564 2477 1069 2570 ἄπυκτιννέναιθπροαιρῆται.
1095 2520 1137 2529 -
1168 2478 1329 2548 ἀλλὰκαὶ

101 2591 230 2651 πωλεῖν
252 2585 353 2667 ἐφῆκε
372 2584 442 2666 τὸνΙ
461 2583 536 2651 υἱὸν
559 2590 609 2669 τῷ
632 2586 742 2667 πατρὶ,
776 2621 812 2629 -
843 2588 898 2650 καὶ
921 2589 1026 2651 τοῦτο
1051 2582 1257 2671 συνεχώρησε
1282 2588 1331 2668 κη’
1374 2638 1375 2642 ,

104 2788 185 2842 fuisse
208 2788 320 2841 incisam
344 2788 372 2840 in
397 2789 518 2841 columna
536 2804 613 2841 aerea
636 2803 652 2840 a
675 2788 703 2840 L.
728 2787 833 2840 Pinario
853 2792 880 2841 et
899 2788 978 2841 Furio
997 2805 1048 2842 cos.
1067 2788 1147 2854 (282),
1172 2788 1215 2840 cui
1233 2788 1333 2842 mentio

103 2873 271 2927 intercalaris
294 2872 446 2926 ascribitur.
483 2872 524 2927 Ci.
555 2871 644 2941 Vocet,
663 2873 706 2925 ius
729 2873 776 2925 cio.
804 2890 843 2926 ια·
859 2879 927 2941 ecrit.
955 2876 1014 2926 187.
1039 2890 1065 2928 κ.
1089 2875 1146 2925 175.
1175 2871 1331 2932 Merentem,

104 2955 229 3012 coroner.
249 2962 290 3012 11.
308 2961 349 3011 31.
369 2961 412 3011 40.
449 2957 667 3021 Hermitariou
687 2956 766 3010 Stoici.
784 2962 809 3017 1,
828 2961 941 3013 55-58.
952 2989 985 2996 -

173 3046 199 3111 l)
218 3043 356 3110 (Romulus
374 3057 426 3095 nna
444 3044 549 3095 tantum
568 3043 627 3109 lege
646 3042 702 3094 lata
726 3041 758 3094 ad
777 3042 935 3096 modestiam
953 3042 1063 3096 adduxit
1080 3058 1180 3096 uxores.
1201 3041 1274 3106 Quae
1291 3041 1333 3093 lex

104 3130 169 3182 lraee
187 3131 257 3183 erat:
278 3144 391 3191 uxorem,
407 3145 478 3196 ⁴quae
496 3128 597 3194 nuptiis
616 3127 726 3180 sacratis
745 3127 970 3191 (consurrectione)
989 3129 1016 3181 in
1028 3134 1142 3180 'manum
1160 3124 1253 3180 mariti
1271 3143 1336 3201 con-1

104 3215 229 3278 venisset,
248 3214 457 3266 communionem
475 3228 533 3265 cum
553 3212 695 3266 rehabere
714 3213 829 3267 omnium
841 3213 967 3265 bonorum
986 3217 1013 3266 et
1028 3215 1177 3274 sacrorum.)
1192 3242 1223 3249 —
1245 3212 1270 3275 2)
1294 3213 1332 3264 lto

106 3298 225 3353 Simonis
243 3315 290 3365 pro
309 3294 442 3365 (νόμους’.
479 3327 512 3335 -
547 3296 572 3359 3)
593 3297 642 3362 (De
665 3297 706 3349 his
729 3298 1056 3366 cognoscebantjcognati
1083 3297 1279 3351 commerito:
1303 3296 1332 3348 de

104 3383 243 3436 adulteriis
265 3385 293 3436 et
317 3386 338 3437 si
366 3400 419 3452 qua
445 3382 536 3435 vinum
565 3381 661 3436 bibisse
692 3387 859 3452 argumetum
891 3382 940 3435 hoc
971 3385 1113 3450 utrumque
1146 3382 1217 3435 enirn
1250 3391 1332 3434 morte

105 3467 197 3535 punire
222 3468 351 3521 Romulus
369 3469 514 3523 concessitl
534 3467 580 3520 af:
596 3466 668 3520 Fest.
688 3467 820 3521 Osculum.
848 3497 881 3506 -
907 3469 933 3532 4)
952 3467 1111 3533 (Constituit
1138 3483 1242 3535 quoqne
1261 3468 1334 3533 leges

104 3551 243 3620 quasdam,
266 3568 375 3619 quarum
397 3553 445 3606 illa
463 3547 594 3611 duraest.
613 3569 679 3620 quae
697 3554 770 3605 uxori
788 3569 840 3605 non
857 3553 992 3621 permittit
1002 3553 1133 3606 divertere
1147 3551 1279 3618 emerito,
1307 3554 1333 3603 at

105 3636 200 3689 marito
218 3636 351 3704 permittit
368 3653 473 3690 uxorem
493 3637 634 3705 repudiare
653 3641 760 3705 propter·
777 3638 940 3690 veneficium·
952 3639 1020 3691 circa
1033 3638 1133 3704 prolem
1152 3637 1196 3689 vel
1214 3636 1333 3688 falsatio-

105 3738 165 3775 nem
189 3721 304 3774 clavium
322 3722 366 3774 vel
389 3721 552 3776 adulterium
570 3721 749 3785 commissum,
773 3719 875 3774 sivero
899 3722 979 3775 aliter
1001 3723 1059 3790 quis
1086 3738 1101 3774 a
1129 3738 1155 3775 se
1183 3721 1333 3775 dimitteret

105 3823 223 3869 uxorem,
246 3807 372 3859 bonorum
395 3806 452 3858 eius
478 3809 582 3873 partem
600 3807 689 3860 uxoris
712 3807 782 3868 fieri,
804 3813 907 3875 partem
932 3808 1023 3860 Cereri
1045 3823 1146 3859 sacram
1165 3822 1222 3859 esso
1244 3806 1334 3868 iussit3

107 3892 152 3961 qui
178 3895 269 3945 antem
287 3889 413 3944 venderet
432 3907 547 3956 uxorem,
567 3890 619 3944 diis
636 3890 728 3944 inferis
746 3892 937 3951 immolaritcf.
949 3891 1125 3961 Scbiesincer,
1142 3891 1229 3946 ZRG.
1245 3895 1271 3953 8,
1290 3894 1333 3943 58.

106 4007 139 4016 -
162 3980 188 4042 5)
208 3977 291 4043 (Rom.
310 3991 412 4029 omnem
437 3979 597 4044 potestatem
620 3978 648 4029 in
665 3976 750 4029 filiurn
770 3978 840 4042 patri
858 3978 994 4040 concessit,
1013 3977 1090 4045 idque
1110 3979 1168 4030 toto
1182 3976 1256 4030 vitae
1270 3983 1334 4030 tenr-

106 4078 181 4131 pore‚
200 4063 253 4116 sive
272 4078 331 4115 enm
351 4075 455 4114 carcere
472 4061 620 4128 includere,
643 4062 696 4115 sive
715 4061 853 4128 flagellare
872 4063 927 4115 sive
945 4063 1064 4115 vinctum
1084 4061 1117 4114 ad
1132 4077 1214 4128 opera
1233 4061 1331 4114 rustica

106 4147 239 4210 detinere,
262 4147 319 4199 sive
337 4144 452 4199 occidere
471 4146 565 4210 vellet;
589 4148 670 4200 etiam
688 4146 801 4199 vendere
820 4147 906 4200 tilium
925 4147 1045 4216 permisit
1064 4147 1149 4213 patri;
1169 4147 1233 4214 quin
1252 4146 1332 4200 etiam

107 4233 156 4285 boc
174 4233 302 4285 concessit
319 4231 398 4303 patri,
416 4246 498 4299 nsque
517 4231 551 4283 ad
568 4232 677 4284 tertiam
687 4231 867 4285 venditionem
885 4248 915 4284 ex
934 4232 989 4284 filio
1004 4235 1143 4300 quaestum
1160 4231 1256 4298 facere,
1275 4232 1333 4298 post

107 4319 217 4371 tertiam
235 4334 297 4370 vero
314 4315 492 4370 venditionem
520 4315 687 4376 liberabatur
713 4317 784 4369 tilius
803 4333 820 4368 a
836 4320 930 4384 patre.)
944 4347 982 4368 ⁴—
1000 4319 1024 4372 6)
1045 4317 1077 4369 cf.
1098 4317 1198 4384 Papiri.
1218 4319 1248 4369 irc
1268 4315 1331 4370 Coll.

107 4407 176 4465 4,8.·
194 4403 270 4456 ‘Cum
291 4403 360 4469 patri
380 4402 420 4455 lex
439 4401 512 4469 regia
531 4401 634 4454 dederit
652 4402 679 4454 in
698 4402 784 4454 filium
803 4402 873 4457 vitae
892 4403 1013 4472 necisque
1031 4404 1208 4470 potestatem.
