2916 4860
509 358 563 412 Lex
580 357 652 411 Iulia
668 360 697 411 et
712 357 797 425 Papia
813 359 940 425 Poppaea.
1273 358 1335 423 103

1091 473 1102 501 0

116 535 223 599 lantur
246 532 433 597 excidantur
455 529 648 595 effodiantur
670 530 905 610 excodicentur,
928 530 977 594 uti
1000 530 1086 612 quod
1107 534 1195 595 recte
1216 527 1335 595 facturn

115 652 183 699 esse
205 633 333 711 volent3
361 649 463 713 eoque
489 631 618 696 nomine
644 630 684 695 ils
707 630 849 711 pignoris
872 630 963 713 capio
984 631 1105 696 multae
1128 630 1226 697 dictio
1248 649 1335 697 coer-

113 736 255 817 citioqne
275 739 352 814 esto,
367 718 464 815 idque
482 733 522 797 lis
540 733 608 798 sine
626 730 740 797 fraude
756 749 815 796 sua
831 730 935 797 facere
949 731 1047 798 liceat
1061 732 1113 797 ius
1126 736 1336 815 potestasque

115 842 196 902 esto.
243 835 419 914 Quominus
451 835 534 899 vites
565 835 710 914 arbores,
741 853 824 915 quae
853 834 936 898 villis
967 833 1121 900 aedificiis
1148 823 1335 901 maceriisve

112 939 254 1004 inclusae
281 942 370 1017 sunt,
397 938 570 1018 maceriae,
601 954 680 1019 quas
708 942 874 1002 curatores
897 955 1055 1018 aquarum
1085 955 1184 1002 causa
1207 937 1336 1019 cognita

114 1058 152 1105 ne
180 1040 412 1106 demolirentur
439 1039 575 1123 dominis
606 1039 836 1121 permiserunt,
866 1038 983 1120 quibus
1008 1038 1166 1120 inscripta
1195 1037 1335 1131 insculp-

115 1146 215 1223 taque
237 1145 345 1207 essent
366 1141 508 1222 ipsonun
530 1140 586 1222 qui
609 1141 831 1222 permisissent
853 1144 1039 1205 curatorum
1060 1139 1204 1221 nomina,
1227 1158 1335 1205 mane-

116 1247 186 1323 ant,
216 1243 277 1308 hac
307 1242 379 1324 lege
409 1241 545 1306 nihilum
576 1248 719 1323 rogator.
763 1240 940 1318 Quominus
969 1260 1008 1306 ex
1030 1241 1071 1306 iis
1093 1239 1236 1307 lontibus
1257 1241 1335 1307 rivis

112 1346 263 1425 specibus
298 1343 474 1410 fornicibus
509 1363 628 1426 aquam
664 1363 791 1409 sumere
828 1344 958 1408 haurire
988 1344 1046 1424 iic,
1081 1342 1335 1425 quibuscumque

116 1450 284 1511 curatores
316 1464 473 1526 aquarum
502 1445 720 1528 permiserunt
750 1445 971 1527 permiserint,
1005 1449 1232 1525 praeterquam
1262 1449 1335 1510 rota

115 1547 214 1611 calice
237 1547 385 1611 machine
406 1546 518 1626 liceat,
546 1547 622 1612 dum
645 1564 685 1610 ne
707 1547 764 1628 qui
786 1552 905 1629 puteus
927 1564 1031 1628 neque
1053 1543 1196 1611 foramen
1217 1563 1335 1611 novum

115 1646 180 1728 fiat,
203 1649 272 1714 eius
294 1647 363 1714 hac
377 1648 449 1730 lege
471 1648 607 1713 nihilum
629 1652 771 1730 rogator.

222 1834 251 1902 7.
294 1835 371 1900 Lex
391 1835 502 1900 Iulia
525 1839 564 1900 et
585 1834 922 1935 PapiaPoppaea,
946 1853 975 1898 e.
1000 1831 1061 1895 757
1084 1838 1118 1898 et
1142 1831 1229 1900 762.1

198 1969 238 2053 (Ι)
278 1968 382 2052 (Paul.
399 1969 418 2034 1.
438 1968 466 2036 Ι.
488 1967 825 2051 011110101Ρομῆ
847 1968 944 2051 ‘Lege
966 1969 1049 2034 Iulia
1072 1970 1120 2034 ita
1142 1968 1314 2054 cavetur’:)

108 2096 113 2103 ·
200 2070 262 2149 Qui
294 2076 423 2138 senator
446 2076 505 2153 est,
536 2071 631 2154 quive
661 2068 763 2152 filius,
790 2087 930 2151 neposve
961 2088 1001 2135 ex
1031 2068 1107 2149 filio,
1137 2088 1335 2154 proneposve

127 2191 160 2237 ex
176 2174 306 2258 (nepote)
322 2172 387 2240 filio
409 2180 485 2240 nato
508 2173 599 2240 cuius
617 2191 728 2238 eorum
747 2176 798 2237 est
815 2172 887 2252 erit,
909 2190 949 2236 ne
968 2172 1040 2253 quis
1056 2191 1166 2237 eorum
1185 2191 1336 2254 sponsam

131 2293 286 2342 uxoremve
303 2278 406 2342 sciens
428 2275 501 2342 dolo
522 2276 608 2341 malo
630 2274 747 2339 habeto
769 2274 953 2339 libertinam
976 2277 1035 2338 aut
1057 2291 1137 2354 eam,
1161 2292 1244 2356 quae
1265 2275 1336 2358 ipsa

134 2377 245 2443 cuiusve
266 2381 360 2460 pater
381 2382 525 2443 materve
543 2382 647 2442 artem
662 2376 821 2441 ludicram
838 2373 916 2441 facit
933 2374 1058 2455 fecerit,
1082 2394 1162 2441 neve
1180 2378 1338 2443 senatoris

135 2473 197 2559 filia,
228 2480 374 2561 neptisve
404 2498 443 2544 ex
473 2477 553 2560 filio,
586 2477 794 2560 proneptisve
825 2495 864 2542 ex
894 2482 1011 2559 nepote
1044 2474 1109 2542 filio
1140 2484 1214 2544 nato
1245 2477 1339 2544 nata⁸

136 2576 265 2646 libertino
297 2581 382 2662 eive,
413 2582 468 2664 qui
498 2582 568 2662 ipse
599 2582 729 2646 cuiusve
758 2585 851 2661 pater
877 2584 1023 2645 materve
1049 2585 1154 2645 artem
1180 2581 1337 2648 ludicram

137 2675 199 2746 iacit
225 2681 350 2763 fecerit,
380 2700 498 2764 sponsa
527 2686 669 2763 nuptave
700 2682 805 2746 sciens
835 2681 907 2746 dolo
935 2681 1020 2746 malo
1049 2685 1132 2762 esto,
1165 2700 1245 2748 neve
1267 2682 1339 2764 quis

139 2794 230 2848 eorum
250 2784 322 2851 dolo
344 2785 426 2853 malo
449 2785 553 2850 sciens
576 2801 727 2866 sponsam
749 2801 920 2849 uxoremve
943 2801 1014 2848 eam
1038 2781 1165 2848 habeto.

91 2958 93 2967 ¹
204 2883 271 2969 (VI)
313 2884 417 2967 (Paul.
435 2886 456 2951 1.
474 2885 521 2950 ΙΙ
531 2886 573 2950 ert
590 2886 610 2952 1.
629 2885 690 2950 rol.
714 2891 743 2951 ct
761 2881 882 2969 Papfr)

91 3012 93 3023 ·
205 2983 264 3062 Qui
284 2986 457 3053 libertinus
484 2988 563 3053 duos
593 2987 742 3069 pluresve
769 3007 788 3053 a
812 3005 846 3052 se
869 2988 1036 3069 genitos⁴²
1062 2990 1198 3050 natosve
1224 2986 1257 3050 in
1280 3004 1339 3050 sua

141 3087 277 3159 nasute
298 3088 440 3169 habebit,
463 3094 593 3170 praeter
615 3108 698 3169 eum,
722 3089 776 3170 qui
799 3093 905 3153 artem
927 3087 1086 3152 ludicram
1109 3084 1222 3151 fecerit
1244 3087 1339 3168 quive

142 3197 232 3261 operas
257 3208 347 3270 suas,
374 3194 412 3254 ut
438 3207 510 3254 curn
537 3190 651 3255 bestiis
673 3193 853 3272 pugnaret,
877 3189 1047 3254 locaverit:
1070 3207 1110 3253 ne
1134 3189 1205 3270 quis
1227 3205 1338 3253 eorum

140 3298 233 3364 operas
262 3292 337 3358 doni
362 3292 506 3357 muneris
532 3291 661 3358 aliudve
687 3293 861 3375 quicquam
889 3291 1051 3357 libertatis
1082 3309 1179 3356 causa
1202 3295 1339 3373 petrono

142 3391 271 3462 latronse
292 3393 445 3461 liberisve
467 3412 592 3475 eorum,
623 3395 663 3459 de
686 3395 803 3477 quibus
826 3394 982 3459 iuraverit
1002 3393 1053 3458 vel
1076 3392 1261 3475 promiserit
1283 3394 1339 3459 ob·

142 3482 276 3568 ligatmve
297 3495 370 3576 erit,
393 3497 470 3561 dare
492 3494 600 3565 facere
622 3502 790 3578 praestare
813 3497 939 3562 debete.

205 3593 311 3680 (XIII)
355 3594 453 3681 (Ulp.
472 3597 492 3662 1.
515 3597 582 3662 ΙΙΙ
593 3598 643 3662 oct.
663 3598 683 3663 1.
703 3598 766 3663 Iul.
784 3604 814 3663 ct
832 3597 944 3680 Pupil:
966 3596 1068 3673 ‘Quod
1091 3596 1138 3660 ait
1159 3594 1254 3680 lex'2)

145 3686 321 3709 Ἂ-

192 3729 213 3795 11
228 3730 340 3789 Gemina
357 3732 408 3798 lex,
424 3735 530 3788 auctore
549 3733 671 3801 Augusto
688 3734 783 3802 populo
801 3734 951 3788 reluctante
969 3732 1083 3800 perlata,
1101 3730 1133 3786 de
1153 3747 1206 3801 qua
1222 3749 1248 3788 v.
1265 3730 1339 3787 aaa.

144 3800 225 3881 3111,
239 3820 281 3873 64.
300 3816 483 3887 Longissimae
500 3817 581 3872 huius
600 3819 668 3887 legis
686 3818 769 3873 verba
787 3818 912 3886 legitima
929 3833 1014 3886 pauca
1031 3819 1141 3871 tanturn
1149 3816 1226 3871 nobis
1234 3819 1341 3871 servata

145 3895 195 3951 runi
225 3900 317 3957 Totam
344 3902 435 3970 legem
461 3919 614 3971 componere
641 3906 668 3958 et
695 3903 835 3959 restituere
862 3902 1035 3956 studuerunt:
1061 3900 1120 3957 Iac.
1148 3899 1338 3968 Gotbofreelaa

143 3972 208 4039 lora
225 3984 704 4058 IVtwr.oio.(1653)p.264-350.
724 3987 893 4054 mamaccas,
910 3985 1004 4056 caup.
1022 3986 1078 4040 rot.
1095 3992 1120 4042 a
1138 3984 1171 4040 P.
1190 3983 1223 4039 P.
1242 3986 1338 4052 (1726).

144 4056 182 4117 lo
196 4069 255 4141 ra,
273 4074 362 4143 sonae
383 4072 439 4127 rrr
451 4074 504 4128 aar.
528 4075 575 4129 aa.
595 4074 686 4142 (raro)
699 4091 729 4144 p.
753 4076 866 4128 31-40.
889 4072 1036 4137 namara,
1052 4073 1140 4142 opta
1156 4087 1225 4140 qaae
1241 4069 1279 4124 aa
1296 4070 1340 4124 aas

145 4145 178 4203 ⁰5¹³·
191 4164 262 4225 111101.
277 4160 440 4230 fracmenta.
453 4162 543 4227 (1857)
548 4177 579 4230 p.
588 4164 700 4214 45-58.
709 4160 885 4214 Numerorum
898 4161 988 4223 notae,
1001 4174 1068 4227 quas
1077 4156 1191 4224 singulis
1205 4154 1339 4224 capitibus

145 4242 264 4309 maon,
280 4242 315 4299 ad
348 4245 486 4301 Heineccii
512 4245 712 4314 dispositionem
738 4247 871 4314 spectant.
890 4275 923 4282 —
940 4244 966 4311 2)
993 4243 1031 4297 D.
1057 4246 1100 4308 23,
1127 4245 1158 4308 2,
1180 4243 1227 4307 44,
1240 4256 1286 4309 pr.
1305 4270 1339 4280 -

144 4310 313 4383 bubalum
329 4332 418 4384 censet
435 4329 493 4385 Μο.
507 4330 623 4397 -4111,
641 4334 685 4398 38,
702 4334 727 4395 1,
744 4331 786 4397 37,
792 4345 838 4398 pr.
850 4359 883 4368 -
895 4328 1004 4396 4⁵)Mo.
1022 4328 1091 4383 coni:
1109 4323 1148 4382 ‘cx
1165 4323 1296 4380 senatos'.
1306 4353 1340 4365 -

145 4397 207 4467 ⁵]D.
220 4414 265 4480 24,
280 4418 308 4482 2,
324 4418 367 4484 11,
380 4431 427 4485 pr.
444 4421 470 4471 1.
