2916 4860
607 357 720 412 servius.
1218 357 1281 422 297

56 529 201 608 cordiae,
235 529 317 594 unde
350 529 430 594 haec
460 535 597 612 tangunt
627 534 788 612 rogantes.
831 531 905 595 Iure
920 563 936 596 a
950 529 1137 611 pontificali,
1160 531 1188 595 si
1210 531 1282 612 quis

54 629 179 696 flamini
202 667 244 676 -
269 650 373 713 genua
394 630 509 698 fnisset
530 632 707 713 amplexus,
729 633 892 698 verberari
914 651 976 698 non
999 632 1128 699 licebat.

144 733 175 814 4,
198 730 248 797 29.
272 769 315 778 -
336 732 589 799 Flaminicam
611 734 673 799 nisi
699 753 799 799 unum
826 735 931 800 virum
957 733 1076 799 hahere
1098 752 1161 799 non
1182 735 1283 814 licet,1

55 873 100 882 -
122 854 180 901 nec
211 833 333 900 flamini
363 835 459 900 aliam
489 836 606 902 ducere
635 836 756 903 licebat
785 856 931 918 uxorem,
963 838 1023 902 nisi
1051 842 1282 918 postmortem

56 938 238 1003 flaminicae
266 937 402 1002 uxoris.2
443 936 513 1002 103.
537 937 831 1020 Coimptiosest,
853 941 910 1005 uhi
931 939 1014 1005 libra
1036 945 1135 1021 atque
1154 958 1210 1005 aes
1227 939 1283 1004 ad·

56 1041 203 1119 hibetur,
235 1043 268 1104 et
297 1039 412 1105 mulier
440 1044 540 1123 atque
570 1043 618 1107 vir
640 1044 673 1106 in
696 1061 730 1108 se
753 1044 846 1125 quasi
868 1043 1063 1124 emptionem
1085 1041 1207 1107 faciunt
1231 1077 1281 1105 -.

57 1142 267 1223 Coempuone
281 1139 368 1207 facta
383 1142 497 1208 mulier
513 1143 545 1208 in
563 1149 760 1224 potestatem
777 1146 837 1210 viri
854 1146 949 1226 cedit,
963 1150 1061 1228 atque
1080 1147 1128 1210 ita
1143 1145 1283 1210 sustinet

59 1246 153 1325 (carm)
183 1244 294 1310 liberis
325 1244 541 1310 condicionem
573 1245 692 1312 liberae
722 1247 890 1313 servitutis
912 1267 977 1307 -.·
1006 1248 1047 1312 In
1069 1265 1219 1313 manum
1241 1282 1284 1293 —

57 1346 274 1413 conventio
298 1365 335 1411 eo
358 1346 425 1411 ritu
447 1345 625 1428 perficitur,
649 1353 687 1413 ut
708 1367 793 1431 aqua
815 1355 849 1414 et
872 1350 939 1431 igni
961 1348 1129 1429 adhibitis,
1157 1349 1284 1415 duobus

55 1449 204 1514 maximis
228 1449 402 1529 elementis,
425 1454 545 1515 natura
571 1451 742 1516 coniuncta
764 1451 933 1532 habeatur,
953 1469 1105 1534 quaeres
1124 1449 1283 1515 adlarre·

58 1558 131 1618 atas
153 1551 285 1633 nuptias
311 1551 462 1632 pertinet,
486 1553 604 1634 quibus
626 1552 789 1619 flaminem
813 1559 846 1619 et
868 1551 1064 1619 flaminicam
1087 1554 1157 1619 iure
1177 1551 1284 1634 pontif

57 1656 92 1718 in
105 1654 345 1718 matrimonium
362 1670 491 1719 neeesse
506 1661 556 1719 est
570 1657 749 1722 convenire.
768 1654 840 1720 214.
861 1655 1027 1739 Coe'mptio
1046 1656 1143 1720 certis
1159 1655 1283 1720 sollem-

56 1753 220 1821 nitatibus
241 1766 287 1815 ete.
311 1752 419 1838 (Boou.
435 1766 462 1826 a,
475 1767 501 1830 3,
510 1757 566 1840 14.)
610 1754 682 1822 374.
707 1757 778 1822 Mos
792 1759 903 1839 *apud
927 1763 1052 1823 veteres
1074 1755 1137 1820 fuit
1159 1755 1282 1822 flamini

57 1877 97 1924 ac
119 1857 314 1937 flaminicae,
337 1863 373 1922 ut
396 1877 454 1939 per
476 1857 705 1926 farreationem
728 1861 760 1924 in
784 1861 915 1941 nuptias
938 1859 1158 1935 convenirent,
1186 1858 1282 1924 sellas

56 1961 139 2025 duas
161 1960 292 2040 iugatas
315 1958 390 2024 ovili
405 1960 489 2041 pelle
508 1962 726 2042 superiniecta
745 1962 830 2043 poni,
848 1997 892 2008 -
906 1966 940 2027 et
957 1962 1002 2027 ibi
1020 1961 1178 2026 nubentes
1197 1960 1283 2025 vela·

55 2062 102 2124 tis
125 2060 287 2141 capitibus
309 2062 343 2125 in
366 2061 622 2128 confarreatione
644 2099 688 2110 -
709 2065 897 2130 residerent.

144 2160 173 2241 6,
196 2159 268 2226 431.
314 2163 401 2229 ‘Sine
422 2164 530 2230 sorte':
552 2167 621 2232 sine
644 2167 778 2246 iudicio,
801 2202 842 2211 -
865 2185 904 2231 ex
925 2184 1013 2231 more
1036 2166 1196 2230 Romano:
1219 2183 1283 2229 non

57 2265 143 2329 enim
166 2264 384 2331 audiebantur
407 2285 540 2347 causae,
564 2269 627 2334 nisi
650 2287 707 2350 per
731 2273 848 2334 sortem
872 2268 1051 2333 ordinatae.
1094 2267 1177 2332 Nam
1201 2272 1283 2332 tem*

57 2382 147 2448 pore,
171 2384 234 2447 quo
258 2385 373 2433 causae
397 2369 594 2451 agebantur,
618 2371 852 2436 conveniebant
874 2388 993 2450 omnes,
1016 2370 1154 2435 undeet
1172 2370 1284 2434 ‘eoact-

56 2467 145 2533 1111ιῖ
169 2469 230 2547 ait;
254 2475 288 2534 et
309 2489 348 2534 ex
372 2477 459 2536 sorte
482 2472 606 2537 dierum
630 2473 773 2537 ordinem
793 2472 1005 2553 accipiebant,
1026 2490 1089 2553 quo
1107 2478 1181 2553 post
1200 2471 1283 2535 diem

57 2570 261 2652 trigesimum
277 2591 353 2637 suas
372 2592 488 2638 causas
507 2580 776 2655 exsequerentur3
795 2574 878 2638 unde
889 2606 905 2640 s
916 2576 1039 2638 ‘aruum
1052 2571 1169 2638 ruooet'.
1191 2573 1284 2636 Iuve-

57 2672 143 2737 nalis
164 2672 217 2750 (13,
234 2672 285 2756 4);
308 2673 436 2739 ‘Gratia
455 2673 578 2740 fallacis
597 2676 758 2755 praetoris
774 2676 888 2740 vicerit
906 2673 1040 2740 urnam’.
1078 2673 1151 2739 609.
1170 2673 1285 2739 ‘Fraus

59 2775 178 2839 innexu
199 2773 332 2840 clicatt':
353 2792 392 2840 ex
413 2776 485 2858 lege
509 2775 571 2840 XII
594 2775 658 2840 tab.
683 2774 723 2859 (8,
745 2777 795 2859 21)
817 2778 915 2857 venit,
939 2777 972 2841 in
995 2777 1109 2858 quibus
1128 2777 1284 2856 scriptum

58 2881 126 2940 est:
151 2875 332 2942 ‘Patronus’
356 2889 402 2938 ete.
447 2876 481 2943 Si
504 2878 588 2944 euim
612 2878 745 2943 clientes
768 2879 861 2960 quasi
884 2878 1026 2944 colentes
1048 2882 1132 2955 sunt,
1154 2878 1285 2957 patroni

59 2977 156 3058 quasi
178 2983 297 3058 patres,
321 2980 514 3045 tantundem
538 2985 588 3045 est
610 2981 761 3045 clientem
783 2985 941 3062 quantum
962 2978 1064 3045 tilium
1086 2978 1207 3045 fallere.

148 3078 176 3160 7,
199 3078 271 3145 601.
316 3082 421 3147 Varro
445 3082 514 3146 vult
541 3080 681 3147 ‘morem'
709 3100 909 3148 communem
932 3099 1120 3148 consensum
1143 3081 1284 3144 omnium

61 3182 157 3247 simul
171 3181 400 3264 habitantium,
414 3185 469 3266 qui
483 3186 686 3250 inveteratus
702 3186 964 3251 consuetudinem
983 3183 1069 3250 facit.
1092 3180 1164 3246 695.
1180 3182 1288 3247 Iustos

60 3283 171 3348 adicit
197 3282 382 3366 (Faliscos),
413 3286 489 3367 quia
516 3287 652 3367 populus
675 3287 839 3359 Romanus
865 3286 972 3353 missis
1000 3285 1108 3351 Xviris
1140 3285 1181 3349 ab
1208 3285 1288 3364 ipsis

61 3386 135 3450 iura
157 3383 285 3451 fetialia
310 3387 440 3469 collegit
463 3392 496 3453 et
519 3388 674 3454 nonnulla
700 3390 921 3471 supplementa
944 3389 1005 3454 ΧΠ
1028 3387 1212 3453 tabularum
1236 3388 1288 3450 ac-

60 3489 159 3569 cepit,
183 3505 258 3555 nam
282 3488 323 3553 ab
346 3489 598 3556 Atheniensibus
621 3492 651 3556 X
673 3491 857 3558 habuerant
879 3490 1017 3557 tabulas.

149 3588 178 3669 8,
198 3587 270 3654 642.
296 3590 395 3656 ‘Citoe
413 3627 455 3638 -
472 3591 672 3677 quadripoe'3
689 3594 835 3659 Donatus
853 3593 913 3658 hoc
931 3593 999 3658 loco
1018 3597 1131 3658 contra
1149 3596 1289 3657 metrum

63 3693 164 3756 sentit
187 3691 311 3758 dicens:
335 3693 446 3774 ‘citae',
471 3695 603 3775 divisae,
627 3701 665 3760 ut
688 3700 737 3760 est
759 3697 792 3760 in
814 3696 884 3760 iure
907 3697 1005 3760 ‘ercto
1028 3712 1091 3760 non
1115 3692 1198 3767 cito'‚
1220 3694 1238 3757 i.
1263 3711 1289 3756 e.

62 3794 258 3874 patrimonio
288 3795 339 3860 vel
368 3795 550 3861 hereditate
577 3816 641 3861 non
669 3797 785 3874 divisa3
816 3816 891 3862 nam
920 3794 1024 3861 ‘citus’
1052 3816 1124 3862 oum
1148 3792 1288 3861 ‘divisus’

63 3894 234 3978 significat,
260 3895 306 3961 ‘ci’
328 3898 424 3979 longa
448 3903 507 3963 est.
552 3899 640 3981 Ergo
664 3897 767 3963 ‘citae'
791 3898 916 3964 veloces
939 3898 1190 3980 intellegamus.⁸

139 4084 165 4145 ll
186 4083 294 4136 Tertull.
314 4083 346 4135 de
363 4098 467 4152 arronop.
477 4085 525 4136 17:
541 4082 673 4137 ‘Pontifex
692 4084 822 4136 maximus
839 4094 867 4138 et
884 4084 1018 4138 flaminica
1035 4081 1139 4136 nubunt
1148 4081 1290 4134 semel.—

64 4168 91 4232 2)
110 4167 177 4221 Geli.
195 4171 239 4234 10,
256 4172 299 4235 15,
316 4171 367 4222 23:
390 4168 598 4222 ‘Matrimonium
623 4168 740 4222 flaminis
761 4169 813 4222 nisi
836 4171 921 4223 morte
938 4167 1029 4222 dirimi
1046 4169 1088 4222 ius
1104 4183 1157 4222 non
1173 4167 1230 4222 est'.
1258 4167 1290 4222 ef.

65 4252 139 4306 Fert.
150 4252 291 4307 Flammea.
306 4282 340 4292 -
357 4254 385 4322 3)
395 4253 484 4306 Etiam
495 4252 604 4306 Nonius
621 4253 694 4319 (181)
712 4252 793 4308 dicit:
813 4252 918 4316 ‘Citam
931 4253 1045 4308 divisum
1063 4253 1104 4307 vel
1123 4252 1291 4322 separatum',

66 4338 185 4406 allegato
209 4338 259 4391 hoc
277 4338 358 4408 Verg.
378 4337 443 4391 loco.
480 4337 522 4392 ef.
543 4337 596 4392 Cic.
623 4336 654 4390 de
678 4352 717 4392 or.
741 4343 766 4405 1,
788 4343 837 4393 56:
863 4340 925 4408 ‘qui‚
948 4337 1043 4410 quibus
1064 4337 1152 4391 verbis
1170 4338 1291 4392 heretum

66 4423 131 4476 cieri
155 4426 289 4492 operteat,
316 4422 434 4486 neseiat,
457 4423 528 4477 idem
551 4423 738 4479 herciscundae
763 4425 880 4480 familiae
903 4439 1009 4478 causam
1026 4439 1105 4489 agere
1124 4439 1176 4479 non
1191 4424 1291 4493 possit'.
