2916 4860
126 318 170 382 Δ12
639 318 723 384 Leges
746 319 844 385 regiae.

124 508 281 587 antiquos
304 512 414 587 patres
434 505 606 571 ‘maiorum
630 502 779 588 gentium'
805 509 996 588 appellavit,
1025 527 1104 589 quos
1135 511 1260 588 priores
1284 527 1353 574 sen-

133 609 270 673 tentiam
293 612 439 690 rogabat,
458 628 477 672 a
500 629 533 673 se
557 609 696 674 adscitos
716 604 924 674 ‘minorum'l

213 710 241 773 2.
265 712 361 775 Dion.
381 711 573 794 (3,61.62);2
596 710 628 777 οἱ.
649 712 801 795 πρέσβεις
816 713 901 793 (τεόν
920 711 1114 797 Τυρρηνῶν)
1137 749 1177 758 -
1200 716 1353 798 παρῆσαν

50 886 52 888 ,
121 850 169 859 --
192 814 234 879 τὰ
259 811 406 898 σύμβολα
422 814 481 898 τῆς
498 811 684 899 ἡγεμονίας,
709 808 759 888 οίς
777 811 943 898 ἐκόσμουν
961 810 1059 879 αὐτοὶ
1078 813 1159 890 τούς
1175 816 1354 898 σφετέρους

121 920 281 995 βασιλεῖς,
304 919 499 999 κομίζοντες
522 911 692 995 στέφανόν
714 940 751 980 τε
771 913 923 999 χρύσεον,
946 918 1001 981 καὶ
1024 912 1158 1000 θρόνον
1181 914 1352 999 ἐλεφάντι-

129 1041 199 1093 νον,
222 1019 276 1082 καὶ
300 1024 471 1101 σκῆπτρον
493 1013 596 1083 ἀετόν
614 1017 694 1100 έχον
715 1020 769 1084 ἐπὶ
793 1024 855 1103 τῆς
874 1020 1029 1103 κεφαλῆς,
1058 1017 1189 1104 χιτώνοί
1211 1042 1249 1083 τε
1272 1042 1351 1101 πορ-

127 1126 259 1204 φυροῦν
298 1119 510 1206 χρυσόσημον
541 1122 597 1184 καὶ
635 1119 853 1205 περιβόλαιον
881 1125 1081 1205 πορφυροῦν
1111 1122 1280 1186 ποικίλον.
1313 1157 1353 1166 -

129 1220 272 1299 Ταύταις
302 1237 377 1298 ταῖς
403 1237 513 1306 τιμαῑς
544 1220 562 1289 ὁ
590 1220 776 1306 Ταρκύνιος
805 1219 867 1289 οὐκ
902 1219 1006 1298 εὐθὺς
1037 1221 1199 1309 ἐχρήσατο
1227 1219 1349 1302 λαβών,

117 1322 171 1402 ὡς
193 1323 224 1391 οἱ
247 1330 398 1392 πλεῖστοι
419 1323 584 1409 γράφουσι
606 1329 679 1390 τῶν
698 1323 890 1410 Ῥωμαϊκῶν
913 1326 1140 1410 συγγραφέων,
1172 1320 1241 1388 ἀλλ’
1268 1320 1348 1390 ἄπο-

125 1427 206 1502 όόύς
228 1433 269 1509 τῇ
290 1451 327 1492 τε
350 1432 454 1510 βουλῇ
475 1429 531 1492 καί
554 1433 604 1511 τῷ
628 1424 722 1514 δήμῳ
744 1427 807 1510 τὴν
826 1425 1016 1511 διάγνωσιν,
1039 1427 1067 1492 εί
1086 1428 1231 1512 ληπτέον
1255 1422 1349 1506 αύτοί,

117 1529 239 1615 ἐπειδὴ
261 1534 342 1594 πᾶσι
365 1531 583 1614 βουλομένοις
605 1521 657 1615 ἦν,
680 1528 760 1595 τότε
782 1530 1031 1615 προσεδέξατο,
1135 1546 1137 1549 “

501 1718 555 1783 lV.
581 1717 762 1782 SERVIUS
786 1715 977 1782 TULLIUS.

213 1852 240 1917 1.
264 1853 376 1919 Ιλυίιιε
405 1854 519 1933 (1,42).·
542 1853 875 1933 Censnmainstitnit,
907 1890 949 1899 -
981 1855 1099 1919 classes
1122 1853 1347 1934 centuriasque

117 1955 337 2020 ¹etaordinem
357 1975 395 2019 ex
418 1975 515 2020 censu
538 1957 717 2036 descripsit.

210 2054 238 2117 2.
262 2056 359 2121 Dion.
382 2055 520 2138 (4,15).·3
550 2060 601 2141 τῷ
625 2058 660 2122 δὲ
682 2056 726 2142 μὴ
749 2058 959 2142 τιμησαμένῳ
981 2060 1146 2141 τιμωρίαν
1169 2049 1269 2141 ὥρισε
1292 2060 1348 2142 τῆς

124 2182 160 2222 τε
185 2152 300 2234 οὐσίας
322 2160 510 2243 στέρεσθαι,
533 2161 588 2224 καὶ
612 2154 719 2225 αύτόν
736 2161 995 2243 μαστιγωθέντα
1017 2164 1201 2245 πραθῆναι.

209 2259 237 2322 3.
261 2262 362 2325 Βίου.
391 2261 534 2344 (4,22):⁴
570 2260 603 2327 Ὁ
630 2262 668 2327 δὲ
702 2259 839 2337 Τύλλιος
865 2259 922 2325 καί
951 2273 1023 2337 τοῖς
1053 2260 1348 2345 ἐλευθερουμένοις

123 2370 196 2428 τῶν
214 2361 498 2448 θεραπόντων-
515 2365 666 2448 μετέχειν
685 2370 744 2449 τῆς
760 2364 983 2439 ἰσοπολιτείας
998 2363 1169 2447 ἐπέτρεψε.
1193 2361 1348 2437 κελεύσας

123 2466 185 2552 γὰρ
209 2459 276 2550 ἅμα
299 2479 370 2542 τοῖς
393 2461 505 2542 ἄλλοις
528 2458 655 2531 όίπασιν
682 2468 873 2549 ἐλευθέροις
899 2467 954 2529 καὶ
981 2462 1126 2541 τούτους
1147 2463 1346 2550 τιμήσασθαι

123 2568 184 2646 τὰς
216 2565 346 2647 ούσίας,
379 2569 425 2644 είς
455 2566 563 2650 φυλὰς
593 2569 774 2646 κατέταξεν
805 2562 930 2642 αύτούς
953 2565 1013 2642 τὰς
1036 2566 1122 2632 κατὰ
1153 2566 1217 2651 τὴν
1247 2564 1347 2632 πόλιν

117 2673 287 2755 τέτταρας
321 2669 554 2755 ὑπαρχούσας,
590 2707 630 2715 -
669 2671 724 2734 καὶ
754 2667 899 2733 πόντων
930 2666 1084 2744 ἀπέδωκε
1116 2672 1187 2734 των
1218 2672 1345 2735 κοινῶν

122 2769 238 2849 αὐτοῖς
259 2775 416 2857 μετέχειν,
440 2763 490 2849 οὖν
512 2785 585 2846 τοῖς
607 2766 720 2846 ἄλλοις
743 2772 943 2856 δημοτικοῖς.

205 2875 234 2940 4.
267 2876 363 2940 Dion.
386 2874 525 2957 (4,13):⁵
551 2873 633 2949 τούς
657 2870 781 2956 νόμους
802 2870 884 2948 τούς
910 2897 946 2937 τε
977 2871 1261 2948 συναλλακτικοὺς
1292 2873 1342 2936 καί

121 2977 202 3053 τούς
226 2978 395 3061 περὶτῶν
418 2973 636 3061 ἀδικημάτων
666 2973 856 3057 ἐπεκύρωσε
889 2987 963 3050 ταῖς
993 2971 1170 3056 φράτραις·
1198 2963 1283 3059 ἦσαν
1310 2975 1343 3039 δὲ

114 3076 336 3165 πεντήκοντά
359 3103 427 3144 που
449 3076 591 3163 μάλιστα
613 3077 677 3143 τὸν
699 3072 857 3161 ἀριθμόν.

879 3218 893 3237 .

188 3283 214 3345 1)
233 3282 273 3335 uf.
292 3282 352 3335 Lio.
371 3286 395 3345 1,
417 3285 459 3335 35.
477 3281 559 3335 Dion.
587 3286 612 3340 3,
637 3285 678 3334 67.
714 3311 747 3319 -·
781 3281 807 3343 ‘ll
835 3280 940 3348 (Legati
967 3279 1135 3332 Etruscorum
1165 3278 1279 3333 aderant
1305 3280 1343 3332 in-

118 3365 208 3431 signia
224 3366 338 3432 imperii,
364 3367 459 3436 quibus
486 3366 538 3434 ipsi
564 3382 639 3431 reges
658 3383 717 3419 suos
736 3364 875 3426 ornabant,
903 3366 1052 3431 portantes,
1079 3379 1201 3417 coronam
1227 3381 1342 3426 auream,

113 3449 212 3501 sellam
240 3449 395 3518 eburneam,
422 3455 555 3518 sceptrum
573 3450 663 3518 aquila
690 3454 823 3515 ornatum,
850 3449 968 3503 tunicam
995 3465 1155 3516 purpuream
1174 3464 1254 3502 aureo
1272 3450 1343 3502 clem

119 3536 296 3600 praetextam,
323 3538 415 3602 togam
443 3551 600 3604 purpureum
626 3535 733 3601 pictam.
769 3533 797 3586 T.
821 3536 911 3587 temen
937 3535 980 3587 his
1003 3533 1143 3586 honoribus
1166 3549 1218 3586 non
1250 3535 1341 3587 statim

118 3634 181 3670 usus
215 3620 270 3684 est,
305 3624 336 3672 ut
367 3620 484 3689 plerique
520 3613 676 3686 scriptorum
712 3619 778 3671 Rom
823 3618 954 3682 scribunt,
986 3618 1032 3672 sed
1062 3621 1170 3672 senatus
1202 3620 1341 3687 populique

118 3701 231 3756 arbitrio
249 3705 418 3771 permittens,
437 3723 472 3759 an
489 3705 631 3772 recipiendi
649 3704 760 3757 honores
778 3706 875 3766 essent,
894 3708 952 3756 tum
971 3703 1076 3758 demum
1094 3718 1154 3757 cum
1171 3719 1262 3756 omnes
1281 3720 1339 3758 con-

118 3786 276 3852 sensissent,
303 3805 345 3842 eos
369 3791 490 3856 accepit.)
517 3790 608 3842 Etiam
625 3789 677 3841 XIl
703 3789 807 3842 lictores
826 3789 901 3842 Dion.
925 3789 969 3842 hic
987 3790 1082 3851 refert,
1101 3805 1166 3857 quos
1183 3787 1238 3840 iam
1257 3805 1272 3842 a
1290 3789 1339 3841 Ro·

119 3873 193 3925 mulo
212 3876 331 3941 sumptos
349 3873 410 3926 Βία.
428 3878 453 3935 1,
471 3878 489 3926 8
507 3880 531 3926 ω
547 3873 621 3928 Plus.
638 3873 715 3927 Rom.
726 3877 762 3927 26
775 3874 894 3927 tradunt.
914 3873 955 3927 uf.
966 3873 1082 3936 Rubico,
1097 3873 1132 3928 R.
1150 3872 1298 3940 Verf..396.
1309 3902 1338 3910 -

117 3958 144 4022 3)
167 3956 291 4021 (incensis
315 3975 425 4026 poenam
447 3959 601 4022 constituit,
625 3958 699 4012 bonis
722 3960 820 4026 privari
843 3962 870 4012 et
888 3959 971 4027 virgis
990 3975 1078 4012 caesos
1096 3974 1192 4011 venunt
1211 3958 1289 4025 dari.)
1307 3989 1339 3996 —
1363 4012 1369 4024 ,

116 4042 142 4103 4)
161 4043 239 4108 (Tull.
258 4045 340 4096 servis
358 4044 525 4096 manumissis
548 4044 685 4096 civitatem
708 4044 820 4111 adipisci
837 4045 979 4108 concessit;
1004 4044 1096 4097 iubens
1119 4044 1190 4096 enirn
1208 4059 1260 4096 una
1279 4060 1338 4096 cum

116 4127 240 4194 ingenuis
259 4128 380 4182 omnibus
399 4130 481 4182 etiem
500 4129 608 4181 libertos
627 4129 741 4196 censeri,
763 4131 791 4182 in
817 4132 931 4198 quatuor
948 4129 1035 4183 tribus
1053 4129 1168 4182 urbanas
1187 4143 1231 4181 eos
1249 4127 1339 4182 distri·

116 4211 185 4277 buit,
202 4243 236 4251 -
255 4229 349 4281 eosque
366 4212 400 4266 ad
419 4213 506 4265 onmia
525 4213 631 4280 publice
649 4214 739 4266 munia
757 4230 839 4282 aeque
858 4214 966 4267 admisit
985 4230 1015 4266 ac
1033 4216 1134 4266 ceteros
1152 4213 1289 4281 plebeios.)
1307 4242 1338 4251 -

110 4296 142 4355 ὁ)
160 4295 242 4363 {leges
269 4313 328 4350 cunr
354 4297 386 4353 de
413 4298 593 4351 contractibus
619 4300 679 4351 turn
705 4297 737 4351 de
765 4298 869 4353 delictis
896 4297 931 4351 ad
949 4299 1035 4351 curias
1051 4298 1124 4360 tulit,
1153 4301 1230 4351 erant
1247 4303 1337 4352 autem

115 4396 224 4434 numero
242 4386 271 4434 ut
290 4383 432 4450 plurimam
452 4382 706 4449 quinquagintal-
