2916 4860
561 372 646 441 Leges
666 372 717 425 XII
736 373 898 427 tabularum.
1304 374 1343 438 21

117 548 163 611 out
187 545 259 612 Sub.
281 545 336 626 (D.
360 549 412 623 27,
437 549 487 622 16,
512 544 555 627 1);
576 545 663 627 Lege
686 545 749 609 XII
770 548 836 610 tab.
864 546 998 626 prodigo
1021 545 1227 610 interdicitur
1250 546 1346 610 bono-

117 669 193 714 rum
225 666 356 712 suorum
389 646 634 710 administratio.
694 648 766 729 Uip.
795 645 848 728 (fr,
873 652 923 725 12,
947 648 999 729 2).·
1026 648 1091 711 Lex
1118 647 1181 710 XII
1211 649 1276 713 tab.
1306 685 1345 693 —

118 750 303 834 prodigum,
334 748 386 812 cui
417 749 508 813 bonis
541 749 750 813 interdictum
790 756 852 828 est,
890 750 922 812 in
955 750 1123 814 curatione
1156 750 1245 815 iubet
1278 769 1346 814 esse

117 851 342 935 agnatorum.¹

208 959 236 1026 8.
266 962 338 1042 Uip.
369 961 422 1040 (fr.
455 965 510 1039 29,
544 961 587 1042 1).·
617 960 702 1026 Civis
743 964 879 1027 Romani
910 964 1018 1028 liberti
1051 963 1265 1028 hereditatem
1295 964 1346 1027 lex

119 1064 186 1127 XII
216 1066 282 1128 tab.
314 1070 449 1151 patrono
478 1063 591 1143 defert,
627 1065 654 1127 si
685 1065 839 1129 intestato
872 1067 939 1130 sine
971 1084 1027 1129 suo
1059 1065 1177 1129 herede
1208 1066 1346 1130 libertus

122 1166 309 1230 decesserit.
361 1167 434 1247 Uip.
462 1167 504 1230 ad
525 1167 569 1231 ed.
593 1166 648 1245 (D.
671 1171 720 1244 56,
750 1172 798 1245 16,
828 1170 897 1245 195,
923 1167 965 1250 1).·
993 1166 1073 1231 Cum
1097 1168 1136 1230 de
1159 1173 1291 1248 patrono
1314 1173 1346 1233 et

119 1269 238 1333 liberto
260 1269 402 1349 loquitur
425 1270 485 1348 lex,
508 1293 544 1332 ur
557 1292 594 1331 nn
612 1291 738 1340 ramum,
761 1270 877 1350 inquit,
900 1268 931 1331 ru
944 1292 1003 1332 nnn
1022 1292 1170 1335 rammam.

206 1377 236 1443 9.
261 1378 447 1442 Gordianus
469 1378 517 1459 (U.
539 1385 569 1458 3,
595 1385 646 1457 36,
670 1382 711 1460 6).·
733 1381 796 1457 Ea,
827 1398 910 1460 quae
938 1381 969 1442 in
993 1380 1174 1445 nominibus
1198 1387 1280 1459 sunt,
1304 1417 1346 1425 -

119 1483 190 1561 ipso
214 1481 283 1545 iure
306 1481 339 1544 iu
362 1481 525 1561 portiones
554 1482 769 1546 hereditarias
792 1500 829 1544 eu
857 1482 926 1563 lege
950 1482 1012 1546 XII
1040 1484 1106 1546 tab.
1132 1483 1236 1546 divisa
1259 1488 1344 1546 sunt.

119 1583 255 1647 Dioclct.
278 1581 326 1661 (0.
350 1586 382 1660 2,
405 1588 435 1661 3,
458 1582 527 1664 26),·
549 1602 587 1647 ex
609 1584 680 1664 lege
700 1583 761 1646 XII
781 1584 847 1646 tab.
871 1601 924 1647 aes
948 1585 1089 1647 alienum
1111 1584 1344 1659 hereditarIum

118 1704 178 1765 pro
201 1683 403 1764 portionibus
427 1686 584 1764 quaesitis
607 1686 742 1768 singulis
761 1686 830 1766 Ipso
852 1687 922 1749 iure
945 1686 1082 1749 diuisum
1106 1684 1192 1767 (est).

208 1792 256 1857 10.
282 1794 385 1859 Graias
406 1796 447 1858 ud
469 1796 514 1859 ed.
528 1814 617 1872 proc.
637 1794 692 1875 (D.
716 1801 764 1872 16,
789 1800 821 1873 2,
849 1796 961 1877 Ipr.):
1017 1797 1104 1860 Haec
1132 1796 1215 1860 actio
1239 1795 1343 1876 (fami-

118 1899 181 1962 liae
204 1896 425 1978 erciscundae)
449 1895 663 1977 proficiscitur
685 1916 702 1960 e
724 1898 795 1978 lege
818 1898 880 1962 XII
903 1899 1093 1963 tabularum.

608 2152 780 2224 TABULA
803 2161 857 2225 VI.

205 2298 233 2362 I.
269 2296 336 2361 CUM
360 2320 457 2361 nexum
481 2320 579 2360 rncrnd
602 2319 829 2370 nmrcclrmnror'n,
860 2320 908 2362 [Ἢ
932 2320 1040 2361 LINGL'A
1070 2321 1272 2368 NUXCUPASSIT,
1297 2320 1344 2362 rm

114 2426 161 2466 IUS
176 2425 254 2466 ESTO.

203 2520 234 2582 2.
260 2520 366 2584 Cicero
389 2520 441 2601 (oe
459 2520 508 2598 off.
531 2526 561 2598 3,
586 2520 650 2601 16);
672 2539 797 2585 cumen
819 2520 882 2584 XII
897 2522 963 2585 tab.
984 2523 1061 2585 satis
1080 2526 1175 2599 esset,
1194 2538 1232 2584 ea
1251 2537 1343 2600 prae·

115 2626 207 2704 stari,
233 2641 315 2704 quae
333 2630 440 2686 essent
454 2623 566 2704 lingua
582 2630 776 2703 nuncupata,
799 2642 880 2703 quae
896 2624 950 2703 qui
968 2621 1125 2687 infitiatus
1137 2628 1232 2702 esset,
1252 2622 1342 2703 dupli

116 2744 253 2806 poenam
277 2725 410 2801 subiret,
436 2761 475 2772 -

184 2979 209 3031 8.
247 2977 310 3031 Gai.
332 2981 369 3042 (3,
395 2980 451 3042 40):
475 2977 522 3032 ‘ita
544 2982 642 3030 demum
665 2983 705 3032 lex
728 2982 780 3032 XII
803 2984 852 3033 tab.
876 2983 908 3032 ad
930 2984 1096 3033 hereditatem
1120 2983 1209 3032 liberti
1234 2982 1340 3031 vocabat

115 3069 261 3123 patronum,
281 3060 302 3109 si
322 3060 458 3109 Intestatus
477 3052 590 3109 mortuus
611 3069 674 3109 esset
696 3060 804 3109 libertus
822 3061 892 3108 nullo
911 3077 955 3109 suo
974 3061 1063 3109 herede
1082 3055 1187 3109 relicto’.
1217 3059 1253 3108 Of.
1275 3054 1340 3106 (loll.

115 3136 157 3199 16,
176 3135 203 3194 8,
222 3134 242 3184 2
248 3149 258 3197 ,'
275 3135 300 3193 9,
319 3136 345 3184 2.
365 3132 390 3185 J.
409 3137 433 3194 1,
452 3134 486 3184 17
494 3150 502 3182 :
520 3133 568 3186 ‘Ex
586 3137 672 3185 eadem
694 3137 750 3200 Iege
768 3136 820 3185 XII
838 3138 887 3185 tab.
905 3137 1055 3186 libertorum
1073 3136 1152 3186 tutela
1171 3136 1202 3185 ad
1220 3147 1339 3200 patronos

114 3238 148 3246 -
164 3213 288 3276 pertinet,
307 3229 359 3261 non
376 3214 438 3277 quia
456 3213 608 3261 nominatim
626 3229 656 3262 ea
672 3214 729 3276 lege
747 3213 776 3261 de
795 3214 842 3262 hac
861 3214 942 3263 tutela
954 3227 1073 3276 >caretum
1093 3214 1135 3262 sed
1153 3214 1217 3277 quia
1233 3211 1339 3276 perinde

114 3296 220 3352 accepta
238 3296 277 3337 est
295 3306 341 3352 per
355 3290 603 3354 interpretationem,
622 3299 696 3353 atque
714 3291 737 3338 si
756 3291 840 3339 verbis
857 3291 923 3354 logis
942 3292 1087 3340 introducta
1105 3285 1185 3339 esset’.

181 3363 204 3414 9.
242 3366 319 3413 Prior
332 3365 402 3414 locus
422 3366 453 3414 ad
471 3366 590 3429 activam,
610 3368 673 3416 alter
692 3367 723 3415 ad
740 3369 870 3429 passivam
889 3367 1073 3432 obligationem
1092 3374 1202 3431 spectat,
1222 3367 1249 3416 id
1269 3367 1335 3431 quod

112 3442 230 3506 neglexit
248 3437 309 3490 Scb.
330 3439 385 3490 132.
406 3443 441 3492 of.
461 3438 496 3490 D.
516 3443 558 3500 10,
576 3444 603 3501 2,
621 3443 665 3501 25,
683 3443 707 3490 b.
726 3443 767 3494 13.
788 3439 815 3491 O.
835 3444 859 3506 4,
877 3443 919 3502 16,
937 3444 954 3492 7
960 3463 966 3505 ;
985 3445 1010 3503 8,
1029 3445 1114 3502 36,1.

181 3515 222 3568 10.
260 3514 344 3567 Fert:
369 3515 507 3568 ‘Eretum
526 3521 606 3569 citum
625 3522 654 3570 fit
673 3521 740 3569 inter
753 3529 898 3583 consortes,
918 3531 945 3571 ut
966 3523 1088 3570 inlibris
1106 3523 1193 3585 legum
1211 3523 1339 3570 Romano·

113 3613 167 3645 rum
189 3591 305 3660 legitur.’
341 3592 407 3645 Geli.
433 3598 461 3655 1,
484 3597 513 3645 9:
542 3593 665 3646 ‘anticum
684 3600 853 3660 consortium,
879 3599 945 3662 quod
963 3599 1018 3647 iure
1037 3607 1112 3663 atque
1130 3599 1206 3648 uerbo
1224 3601 1338 3648 Romano

113 3674 304 3738 appellabatur:
325 3681 391 3722 ercto
410 3691 461 3722 non
479 3671 548 3724 eito’

179 3747 224 3798 VI.
245 3749 267 3798 1.
298 3745 382 3799 Fert:
402 3747 435 3799 ‘N
442 3761 602 3815 uncupata
621 3753 731 3815 pecunia
750 3761 786 3802 est
805 3779 837 3786 —
855 3754 996 3817 nominata,
1014 3763 1090 3816 certa,
1114 3753 1263 3802 nominibus
1280 3769 1339 3816 pro·

113 3829 178 3890 priis
196 3828 375 3892 pronuntiata:
404 3841 460 3876 CUM
482 3855 515 3861 —
534 3840 610 3892 Euro,
629 3831 647 3878 i.
667 3847 687 3878 e.
706 3832 746 3879 nti
765 3831 918 3892 nominarit,
936 3831 1066 3880 locutusve
1085 3830 1133 3891 sit,
1152 3830 1190 3878 ita
1208 3830 1250 3878 ius
1268 3822 1338 3877 esto'

113 3898 165 3953 ote.
193 3899 235 3966 (de
261 3915 300 3952 or.
327 3905 351 3966 1,
369 3903 423 3962 57tz
465 3901 502 3954 ‘ut
530 3916 611 3954 totum
635 3906 711 3955 iliud:
752 3919 798 3954 urr
816 3918 920 3954 nruona
939 3919 1124 3957 nuncupassrr
1152 3924 1203 3955 non
1229 3907 1258 3954 in
1284 3905 1336 3953 XII

112 3981 170 4041 tab,
189 4007 222 4015 —
246 3982 289 4029 sed
312 3982 341 4030 in
363 3982 482 4046 magistri
506 3984 619 4031 carmine
643 3985 767 4047 scriptum
789 3981 934 4033 rideretur!
957 3981 983 4034 U
986 3982 1021 4050 lp
1044 3983 1074 4033 c'n
1097 3980 1156 4032 Vct.
1177 3979 1212 4044 fr.
1231 3982 1280 4030 50:
1303 3978 1337 4030 ‘et

112 4060 390 4122 mancipationem
408 4070 432 4108 ct
450 4060 479 4107 in
499 4060 553 4108 iure
572 4061 711 4109 cessionem
728 4061 768 4110 len
786 4060 838 4109 XII
856 4063 906 4111 tab.
926 4056 1074 4110 confirmat'
1094 4060 1130 4109 Cf.
1151 4056 1212 4107 Gai.
1232 4059 1256 4115 1,
1275 4057 1336 4117 119,Ι

112 4132 215 4193 2,104.
241 4131 328 4183 Varro
346 4131 378 4182 de
396 4131 413 4183 I.
432 4131 448 4183 l.
467 4134 492 4189 6,
512 4135 554 4184 60.

116 4269 316 4278 Μ

177 4353 201 4416 1)
220 4351 282 4406 Seu.
307 4353 413 4405 silentio
436 4353 564 4420 praeterit
588 4352 739 4421 prodigum;
764 4369 883 4420 expresse
903 4357 992 4406 autem
1017 4353 1048 4406 de
1068 4370 1099 4406 eo
1119 4355 1227 4405 cautum
1245 4351 1333 4413 fuisse,

114 4435 159 4488 loci
176 4436 234 4490 cltt.
254 4440 344 4509 aperte
363 4437 490 4491 indicant.
