2916 4860
582 334 666 400 Leges
690 332 787 402 regiae.
1278 335 1299 398 5

67 508 124 570 καὶ
147 511 284 573 θυσιῶν
307 503 488 590 ἡγεμονίαν
512 508 614 589 ἔχειν,
646 542 687 551 -
715 504 831 571 ἔπειτα
862 503 977 590 νόμιον
1007 529 1042 570 τε
1067 508 1120 571 καὶ
1144 509 1299 590 πατρίοον

67 610 222 694 ἐθισμῶν
245 608 398 694 φυλακην
421 615 610 686 ποιεῖσθαι,
632 646 673 656 -
701 613 774 674 τῶν
796 632 833 672 τε
858 604 1074 693 ἀδικημάτων
1098 607 1139 672 τά
1153 595 1298 692 ’μέγιστα

66 718 129 801 μὲν
152 710 262 780 αὐτὸν
286 709 447 794 δικάζειν,
474 709 516 775 τά
540 706 569 775 δ)
594 708 760 778 ἐλάττονα
783 726 856 787 τοῖς
877 717 1074 792 βουλευταῖς
1095 711 1300 793 ἐπιτρέπειν,

65 856 108 864 -
131 813 260 901 βουλήν
281 839 317 880 τε
341 811 498 899 συνάγειν
527 815 582 878 καὶ
615 815 721 899 δῆμον
752 820 945 898 συγκαλεῖν,
975 815 1029 878 καὶ
1054 851 1096 859 -
1118 810 1298 898 ἡγεμονίαν

65 919 153 1003 ἐχειν
177 915 416 1002 αὐτοκράτορα
438 916 475 981 ἐν
496 917 640 1000 πολέμῳ.

158 1024 215 1104 Τῷ
245 1021 282 1085 δέ
313 1020 476 1103 συνεδρίῳ
506 1022 566 1104 τῆς
599 1019 959 1104 βουλῆςιδυναστειίιν
983 1014 1127 1102 άνέθηκε
1152 1015 1298 1083 τοιάνδε·

65 1124 143 1210 περὶ
174 1119 304 1197 παντὸς
334 1113 419 1187 δτου
451 1117 494 1184 άν
520 1121 687 1206 εἰσηγῆται
720 1120 873 1200 βασιλεὺς
908 1117 1142 1205 διαγινώσκειν
1173 1144 1209 1184 τε
1240 1119 1296 1183 καὶ

65 1229 186 1308 ψῆφον
208 1223 387 1308 ἐπιφέρειν.

157 1330 214 1410 Τῷ
237 1327 272 1390 δέ
296 1325 469 1410 δημοτικῷ
491 1323 615 1411 πλήθει
638 1329 715 1409 τρία
742 1329 850 1390 ταῦτα
872 1326 1065 1408 ἐπέτρεψεν·
1089 1317 1295 1407 ἀρχαιρεσιά-

67 1438 137 1512 ζειν
171 1453 208 1494 τε
240 1429 295 1492 καὶ
327 1425 453 1512 νόμους
484 1430 667 1513 ἐπικυροῦν
697 1431 752 1493 καὶ
783 1429 859 1510 περὶ
891 1429 1040 1512 πολέμου
1062 1422 1296 1510 διαγινώσκειν

66 1525 153 1597 ὅταν
177 1528 196 1596 ὁ
220 1527 374 1610 βασιλεὺς
395 1529 458 1613 ἐφη
481 1565 531 1595 -.
564 1529 660 1615 ἐφερε
694 1531 729 1595 δέ
759 1529 822 1616 τὴν
852 1534 969 1615 ηιῆφον
999 1524 1062 1613 οὐχ
1094 1520 1161 1613 άμα
1186 1525 1293 1602 πάςδ

66 1634 184 1718 δῆμος,
207 1628 290 1697 ἀλλὰ
313 1630 400 1696 κατά
423 1630 484 1707 τδις
506 1629 658 1715 φράτρας
680 1629 957 1716 συγκαλούμενος.

151 1735 182 1799 4.
206 1734 307 1800 Dion.
329 1731 534 1818 (2,21.22);1
563 1739 703 1810 πολλοῖς
734 1732 881 1818 σῶμασιν
913 1732 1118 1817 θεραπεύειν·
1141 1725 1294 1799 ἀπέδωκε

65 1837 105 1904 τὸ
124 1833 312 1920 δαιμόνιον.
330 1873 373 1882 -
391 1836 425 1916 ἐξ
444 1834 584 1922 ἑκάστης
599 1834 750 1921 φράτρας
765 1837 1012 1922 ἐνομοθέτησεν
1031 1831 1295 1901 ἀποδείκνυσθαι

65 1937 127 2005 δύο
160 1936 244 2014 τούς
274 1935 358 2022 ὑπὲρ
380 1936 596 2024 πεντήκοντα
619 1938 676 2025 ἐτη
698 1937 894 2024 γεγονότας,
925 1977 968 1985 -
997 1936 1143 2015 τοέτους
1171 1938 1207 2002 δέ
1233 1933 1295 2002 οὐκ
1351 1984 1353 1988 -

64 2041 112 2118 εἰς
135 2038 326 2125 ὡρισμένον
356 2040 433 2106 τινὰ
464 2038 591 2124 χρόνον
619 2040 680 2116 τὰς
710 2040 807 2125 τιμάς
840 2040 957 2121 ἐταξεν
988 2040 1092 2124 ἐχειν,
1125 2036 1208 2104 άλλά
1240 2038 1295 2104 διά

63 2142 196 2219 παντὸς
217 2148 282 2208 τοῦ
303 2146 388 2223 βίον,
411 2149 599 2226 στρατειῶν
621 2145 682 2228 μέν
702 2139 970 2227 ἀπολελυμένους
993 2143 1048 2208 διά
1066 2142 1130 2227 τὴν
1153 2140 1295 2227 ἡλικίαν,

63 2250 136 2310 τῶν
160 2246 197 2310 δέ
220 2243 306 2309 κατά
329 2243 392 2329 τὴν
413 2241 516 2310 πόλιν
540 2240 693 2330 ὀχληρῶν·
711 2245 766 2310 διά
788 2244 853 2311 τδν
876 2243 995 2331 νόμον.
1018 2282 1061 2292 -
1083 2237 1235 2320 άπαντας
1258 2246 1292 2309 δέ

64 2345 146 2423 τοὺς
161 2345 261 2431 ἱερεῖς
275 2348 579 2432 -ἐνομοθέτησεν
597 2343 864 2413 ἀποδείκνυσθαι
876 2349 938 2432 μέν
953 2345 1021 2413 ὑπὸ
1037 2353 1108 2412 τῶν
1121 2352 1294 2432 φρατρῶν,

64 2449 312 2532 ἐπικυροῦσθαι
335 2448 372 2514 δέ
395 2446 463 2514 ὑπὸ
487 2453 558 2513 τῶν
581 2449 811 2534 ἐξηγουμένων
833 2449 876 2514 τά
899 2456 977 2515 θεῖα
1000 2447 1055 2514 δίδι
1077 2457 1248 2535 μαντικῆς.

150 2551 180 2614 5.
203 2551 344 2616 Mccrod.
367 2551 438 2632 (sot.
463 2551 746 2635 1,12,3s):2Haec
764 2551 856 2618 suita
873 2554 1009 2617 Romulo
1022 2572 1129 2617 annua
1143 2553 1293 2617 ordinata

64 2654 233 2733 dimensio,
258 2655 311 2736 qui
334 2690 375 2699 —
399 2674 519 2720 annum
535 2655 565 2718 X
581 2656 753 2734 mensium,
773 2657 897 2720 dierum
916 2675 991 2721 vero
1011 2654 1155 2720 CCCIIII
1174 2655 1291 2720 haben·

65 2758 142 2823 dum
173 2775 244 2821 esse
274 2758 432 2837 instituit,
459 2777 649 2840 mensesque
676 2760 724 2823 ita
753 2760 923 2840 disposuit,
950 2765 986 2824 ut
1014 2765 1154 2840 qrratuor
1181 2778 1218 2822 ex
1241 2759 1292 2823 his

64 2859 185 2938 XXXI,
210 2878 266 2923 sen
288 2877 363 2923 vero
386 2859 479 2923 XXX
502 2860 659 2925 haberent
682 2861 776 2926 dies.3

148 2960 179 3024 6.
192 2961 333 3025 dilueret.
352 2961 423 3041 (sot.
445 2963 541 3042 1,13):
556 2961 691 3038 Quando
703 3000 719 3029 ι
731 2965 869 3043 primum
885 2964 1115 3028 intercalatum
1131 2963 1182 3040 sit,
1202 2963 1289 3026 varie

62 3063 214 3142 refertur,
247 3070 279 3127 et
309 3064 417 3129 Macer
450 3065 579 3145 quidem
612 3063 755 3130 Licinius
787 3067 855 3130 eins
886 3067 932 3130 rei
968 3066 1123 3146 originem
1155 3063 1288 3129 Romulo

61 3165 241 3247 adsignat.⁴

127 3386 153 3446 1)
173 3383 280 3448 (Multis
301 3385 418 3452 personis
441 3401 514 3438 sacre
537 3384 749 3439 administranda
770 3386 933 3454 assignavit3
956 3385 1044 3452 legem
1062 3385 1162 3450 posuit,
1186 3401 1217 3438 er
1234 3386 1288 3440 sin·

59 3468 129 3534 gulis
147 3468 231 3521 curiis
250 3468 314 3522 duos
333 3469 424 3532 creari,
441 3470 463 3523 L
483 3471 559 3524 annis
577 3469 700 3533 maiores,
722 3486 786 3538 quos
804 3487 856 3524 non
878 3469 912 3523 ad
929 3472 1032 3524 certum
1053 3470 1160 3538 aliquod
1183 3475 1288 3538 tempus

60 3551 170 3607 honores
196 3552 264 3608 istos
290 3553 386 3608 habere
413 3555 568 3618 constituit,
600 3553 646 3608 sed
673 3554 802 3623 quamdiu
824 3556 956 3620 viverent,
988 3556 1120 3609 immunes
1146 3570 1162 3608 a
1189 3556 1288 3609 militia

59 3640 165 3704 propter
191 3640 325 3702 aetatem,
357 3638 390 3692 ab
409 3639 516 3692 urbanis
535 3656 595 3693 vero
623 3640 775 3692 muneribus
807 3657 853 3707 per
883 3641 980 3708 legem.
1010 3640 1107 3694 Omnes
1138 3641 1286 3694 sacerdotes

58 3736 72 3773 a
112 3721 196 3774 curiis
220 3723 360 3775 constituit
384 3724 480 3791 creari,
503 3724 536 3777 ab
564 3724 756 3790 interpretibus
778 3741 840 3778 vero
861 3725 1036 3793 auspiciorum
1058 3725 1226 3789 confirmari.)
1253 3755 1287 3764 -

59 3808 82 3869 2)
92 3807 225 3860 Similiter
239 3807 465 3874 Solanades.
480 3839 513 3848 -
526 3811 553 3875 3)
567 3810 600 3862 cf.
609 3809 698 3863 Moror.
712 3809 729 3862 t.
743 3825 764 3863 e.
780 3813 811 3862 3:
825 3810 949 3877 ‘primum
963 3811 1026 3863 anni
1040 3826 1156 3864 mensem
1170 3811 1286 3878 genitori

59 3907 102 3946 suo
119 3892 205 3946 Marti
224 3891 333 3956 dicavit,
351 3909 427 3961 quern
447 3909 563 3947 mensem
578 3895 641 3947 anni
659 3895 772 3962 primum
786 3894 867 3949 fnisse
877 3895 919 3948 vel
929 3912 959 3948 ex
969 3897 1017 3948 hoo
1026 3895 1138 3948 maxime
1148 3895 1284 3962 probatur,

58 3977 124 4044 quod
146 3978 184 4032 ab
207 3979 263 4046 ipso
282 3977 411 4042 Quintilis
435 3979 546 4047 quintus
570 3982 610 4032 est
634 3982 661 4032 et
680 3979 803 4048 deinceps
820 3996 867 4047 pro
885 3996 992 4033 numero
1010 3980 1231 4033 nominabantur.
1251 4010 1282 4017 -

59 4063 82 4126 4)
99 4062 290 4133 Macaaddit:
308 4063 404 4115 Antias
414 4089 426 4114 ι
436 4063 549 4116 Numam
561 4090 573 4116 ι
584 4079 715 4117 sacrorum
733 4080 811 4117 eausa
828 4064 856 4117 id
870 4064 1001 4118 invenisse
1021 4064 1164 4118 contendit.
1191 4063 1284 4118 lunius

60 4146 199 4201 Servium*
210 4148 325 4216 primum
342 4148 514 4202 intercalasse
532 4152 726 4202 commemorat.
745 4178 779 4187 -
797 4149 946 4204 Tuditanus
964 4149 1044 4202 refert
1062 4179 1096 4187 -
1114 4149 1284 4213 decemviros,

61 4234 102 4299 qui
124 4233 149 4286 X
172 4233 275 4287 tabulis
297 4233 324 4285 Π
345 4232 519 4297 addiderunt,
542 4234 574 4286 de
599 4233 781 4286 intercalando
804 4235 931 4301 populum
952 4251 1059 4304 rogasse
1081 4233 1156 4296 (XII,
1175 4235 1221 4298 11,
1239 4235 1282 4303 2);

60 4315 160 4373 Cassius
181 4317 286 4372 eosdem
305 4317 398 4371 scribit
416 4321 547 4372 auctores.
570 4317 680 4371 Fulvius
695 4320 787 4372 eutem
803 4317 831 4371 id
850 4319 935 4388 egisse
946 4319 991 4372 M]
1012 4319 1127 4372 Acilium
1146 4320 1281 4372 consulem

60 4400 121 4456 dicit
139 4403 173 4458 ab
193 4418 220 4455 u.
237 4419 260 4456 e.
279 4403 416 4470 ann0562‚
435 4401 532 4456 ——sed
550 4404 597 4457 hoo
612 4402 703 4470 arguit
714 4402 952 4466 Varroscribendo,
970 4403 1183 4470 antiquissimam
1193 4403 1280 4472 legem
