2916 4860
624 326 728 434 Festus.
1233 386 1296 450 255

65 554 292 619 Possession
305 571 345 618 es
365 553 574 634 appellantur
590 552 661 632 agri
684 552 750 616 late
773 552 939 631 patentes¹
961 553 1083 633 publici
1100 511 1295 638 privatique,

66 658 123 738 qui
145 675 209 720 non
231 655 469 735 mancipatione
491 654 548 718 sed
571 672 632 718 usu
655 655 864 734 tenebantur,
887 660 921 719 et
942 660 980 719 nt
1002 657 1136 737 quisque
1159 676 1296 738 occupa·

65 763 170 837 verat,
196 757 397 822 collidebat.2
441 756 478 818 F.
501 759 579 820 241.

64 859 360 924 Postliminium
380 863 595 939 'receptum
619 856 733 921 Gallus
756 858 868 922 Aelius
889 859 924 922 in
945 859 997 922 lib.
1021 858 1037 922 I
1060 857 1178 940 signif,
1211 879 1295 941 quae

64 962 106 1026 ad
129 962 182 1025 ius
205 962 380 1042 pertinent,
398 962 446 1024 ait
468 978 538 1024 esse
558 979 641 1038 eum,
666 960 721 1041 qui
740 960 831 1040 liber,
855 978 893 1024 ex
912 979 977 1040 qua
996 960 1128 1026 civitate
1146 961 1179 1024 in
1198 963 1295 1028 aliam

66 1063 232 1127 civitatem
255 1061 396 1142 abierat,
428 1062 459 1125 in
484 1062 619 1126 eandem
643 1061 808 1125 civitatem
824 1054 917 1126 vredit
941 1081 977 1127 co
1000 1063 1081 1143 iure,
1114 1064 1199 1145 quod
1222 1083 1296 1128 con·

66 1165 219 1228 stitutum
243 1167 293 1228 est
315 1163 354 1226 de
387 1162 596 1244 postliminis;
628 1163 707 1226 item
730 1164 788 1243 qui
810 1180 919 1227 servos
942 1165 1076 1228 anobis
1098 1164 1131 1228 in
1154 1164 1296 1231 hostium

65 1269 261 1346 potestatem
284 1264 441 1343 pervenit,
465 1268 579 1345 postea
602 1265 643 1328 ad
661 1281 719 1327 nos
737 1264 823 1328 redit
841 1265 874 1327 in
893 1265 962 1329 eius
977 1270 1184 1346 potestatem,
1203 1267 1295 1332 cuius

65 1371 163 1430 antea
186 1364 258 1446 luit,
282 1367 353 1430 iure
368 1365 560 1446 postlimini;
584 1366 659 1445 equi
682 1370 715 1429 et
732 1366 817 1429 muli
839 1370 873 1430 et
895 1366 986 1431 navis
1004 1367 1118 1431 eadem
1141 1368 1226 1432 ratio
1245 1373 1296 1432 est
1360 1366 1362 1369 ’

67 1468 301 1548 postliminium
319 1465 531 1548 receptionis³
550 1485 631 1547 quae
651 1467 744 1530 servi.
783 1465 873 1542 Quae
894 1485 1012 1548 genera
1029 1487 1137 1532 rerum
1157 1470 1197 1534 ab
1221 1469 1293 1533 hos-

66 1569 156 1634 tibus
180 1569 221 1633 ad
243 1588 301 1634 nos
325 1569 559 1649 postliminium
581 1568 728 1647 redeunt,
751 1569 866 1632 eadem
888 1587 1007 1650 genera
1029 1588 1142 1633 rerum.
1161 1589 1181 1633 a
1202 1571 1294 1635 nobis

66 1673 109 1737 ad
133 1672 236 1736 bostis
259 1671 365 1735 redire
388 1676 534 1751 possunt.
580 1669 660 1734 Cum
687 1671 815 1751 populis
837 1670 948 1735 liberis
971 1675 1004 1734 et
1027 1689 1099 1735 cum
1121 1669 1294 1736 foederatis

63 1779 97 1837 et
130 1792 204 1862 cum
235 1773 367 1853 regibus
397 1772 632 1852 postliminium
663 1771 755 1836 nobis
788 1772 925 1851 est-ita,
957 1773 1007 1836 uti
1036 1791 1108 1836 cum
1130 1773 1291 1847 hostibus3

61 1893 147 1955 quae
169 1874 317 1938 nationes
339 1874 371 1938 in
395 1873 520 1938 dicione
543 1879 654 1938 nostra
677 1879 770 1952 sunt,
794 1891 866 1938 cum
889 1874 940 1938 his
963 1871 1208 1960 [postliminium
1229 1895 1292 1938 aaa

61 1972 135 2061 cst]
180 1975 217 2039 F.
241 1976 312 2039 ars.

62 2075 360 2141 Postliminium
391 2082 572 2157 receptus
596 2077 713 2141 dicitur
737 2077 773 2155 is,
808 2077 862 2159 qui
886 2081 978 2142 extra
1000 2079 1127 2159 limin'a,
1161 2079 1221 2143 hoc
1244 2084 1294 2143 est

63 2177 221 2242 terminos
244 2178 438 2257 provinciae,
463 2183 579 2260 captus
602 2178 720 2258 fuerat,
755 2199 868 2245 rursus
891 2181 932 2245 ad
955 2181 1087 2260 propria
1110 2180 1292 2244 revert‘tur.

63 2283 101 2345 P.
124 2283 200 2344 219.
1268 2305 1271 2308 ’

63 2382 226 2446 Potitus
258 2383 480 2445 servitute-
503 2384 575 2462 qui,
609 2389 647 2446 ut
671 2383 719 2447 ait
740 2384 861 2464 Labeo,
893 2380 1092 2469 servitu[tcm
1113 2386 1216 2449 scroti.
1238 2383 1293 2467 -]

62 2483 100 2547 F.
124 2487 200 2547 250.

61 2582 179 2650 Praei
184 2590 346 2649 ecturae
364 2603 421 2649 eae
439 2584 695 2665 appellabantur
713 2587 745 2651 in
761 2588 870 2667 Italia,
893 2588 925 2650 in
945 2588 1063 2668 quibus
1086 2592 1118 2652 et
1140 2589 1191 2652 ius
1210 2588 1294 2652 dice·

60 2686 162 2753 batur
184 2691 217 2751 et
240 2687 403 2751 nundinae
425 2688 617 2767 agebantur,
641 2694 675 2752 et
698 2694 768 2752 erat
791 2689 952 2770 quaedam
975 2707 1084 2752 earum
1100 2688 1180 2770 r(es)
1199 2688 1294 2769 plub-

60 2787 158 2868 lica);
192 2807 295 2871 neque
318 2793 428 2853 tamen
451 2791 663 2871 magistratus
686 2808 760 2854 suos
779 2789 958 2867 habebant3
990 2790 1024 2852 in
1056 2808 1137 2869 quas
1167 2790 1294 2870 legibus

61 2889 222 2972 praefecti
234 2891 449 2957 mittebantur
468 2892 661 2973 quotannis,
687 2893 743 2972 qui
761 2893 812 2955 ius
832 2891 985 2956 dicerent.
1016 2889 1157 2965 Quorum
1174 2908 1293 2971 genera

61 2993 197 3059 luerunt
219 2995 296 3059 duo:
320 2995 470 3073 alterum,
494 2995 526 3057 in
552 3011 631 3075 quas
654 2993 802 3058 solebant
824 2994 872 3057 ire
895 2991 1052 3073 praefecti
1074 2991 1119 3055 IV
1138 3013 1153 3056 e
1171 2991 1293 3055 XXVI-

60 3098 170 3159 virum
192 3114 330 3176 numero,
354 3099 410 3176 qai
432 3096 545 3177 populi
569 3089 721 3177 suffragio
745 3097 848 3160 creati
871 3100 974 3174 erant,
999 3095 1030 3158 in
1053 3094 1134 3158 haec
1155 3093 1292 3174 oppida:

61 3197 221 3279 Capuam,
233 3197 361 3278 Cumas,
372 3197 557 3276 Casilinum,
568 3198 771 3277 Volturnum,
786 3191 964 3275 Liternum,
974 3196 1136 3274 Puteolos,
1146 3196 1292 3266 Acerras,

62 3300 260 3378 Suessulam,
278 3299 428 3378 Atellam,
449 3299 627 3377 Calatiam;
649 3301 797 3379 alterum,
816 3301 849 3362 in
868 3317 950 3380 quas
959 3299 1062 3378 ibant,
1073 3316 1150 3379 quos
1161 3302 1293 3378 praetor

62 3401 210 3466 urbanus
242 3401 412 3482 quotannis
443 3402 476 3465 in
508 3420 656 3483 quaeque
678 3402 750 3465 loca
772 3403 906 3466 miserat
927 3400 1064 3490 legibus,
1094 3404 1131 3464 ut
1154 3399 1292 3477 Fundos,

64 3503 221 3582 Formias,
254 3501 365 3583 Caere,
390 3503 578 3582 Venafrum,
609 3503 735 3582 Allifas,
759 3503 959 3582 Privernum,
991 3501 1188 3584 Anagniam,
1211 3499 1292 3564 Fru-

66 3605 222 3682 sinonem,
245 3603 357 3684 Reate,
385 3604 578 3684 Saturniam,
602 3605 764 3684 Nursiam,
788 3605 944 3685 Arpinum
967 3606 1096 3686 aliaque
1119 3604 1295 3684 complura.

63 3704 100 3768 F.
127 3706 201 3769 233.
264 3754 268 3758 .

63 3840 81 3893 i.
100 3856 124 3895 e.
143 3844 184 3892 ‘ex
203 3839 261 3893 iure
280 3840 464 3906 Qaiiritinml'.
483 3869 515 3878 —
534 3842 561 3900 bl
579 3841 609 3893 ln
628 3841 666 3893 D.
683 3846 725 3906 43,
743 3844 784 3903 17,
802 3845 831 3893 1:
859 3840 915 3894 ‘Uti
934 3856 979 3893 eas
997 3840 1092 3894 aedes'.
1111 3869 1143 3878 -
1162 3842 1188 3904 6)
1206 3839 1239 3891 In
1256 3838 1294 3890 1).

63 3927 80 3978 l.
100 3941 124 3979 e.
143 3927 172 3979 et
190 3925 548 3994 Gaa4,1oo:‘quominus
566 3927 621 3980 ita'.

67 3993 90 4016 ⁴
133 4012 159 4076 1)
177 4011 253 4064 Plio.
276 4012 336 4065 bist.
359 4018 415 4064 aot.
438 4017 480 4076 18,
507 4016 532 4078 6,
555 4015 603 4064 35:
629 4012 796 4066 ‘Latiiundia
814 4010 952 4078 perdidere
970 4010 1092 4077 ltaliam,
1116 4011 1170 4063 ianr
1188 4025 1248 4062 vero
1266 4012 1294 4063 et

62 4096 222 4162 provincias.
259 4097 310 4150 Sex
329 4096 427 4150 domini
446 4098 582 4162 semissem
602 4097 705 4151 Africae
723 4096 903 4164 possidebant,
928 4113 987 4149 cum
1005 4096 1142 4149 interfecit
1160 4111 1203 4148 eos
1224 4093 1295 4147 Nero

62 4183 204 4250 princeps'.
242 4181 295 4236 Cic.
314 4183 347 4236 de
365 4183 408 4248 off,
427 4187 454 4245 2,
473 4187 509 4236 21
515 4201 523 4233 .·
541 4182 691 4250 ‘Philippus
709 4213 751 4245 —,
770 4198 830 4234 cum
846 4186 935 4248 legem
953 4180 1086 4248 agrariam
1105 4180 1195 4244 ferret,
1214 4209 1247 4217 —
1266 4179 1294 4230 in

63 4267 170 4335 agendo
188 4267 278 4321 multa
296 4268 473 4336 populariter,
496 4272 555 4321 turn
572 4267 640 4320 illud
658 4267 739 4321 male:
766 4283 818 4319 non
836 4269 893 4320 esse
910 4266 939 4319 in
957 4266 1067 4318 civitate
1086 4263 1230 4317 duomilia
1248 4263 1294 4315 ho-

63 4354 179 4416 minnm,
204 4353 251 4422 qui
275 4369 330 4406 rem
354 4354 502 4407 habereut'.
527 4383 560 4391 —
583 4354 611 4420 2)
634 4353 692 4406 iba.
717 4347 894 4420 ‘possidebat'.
932 4351 1007 4406 Nieb.
1026 4348 1156 4402 solebat.
1175 4348 1206 4402 cl.
1225 4347 1292 4402 Isto.

63 4443 130 4510 orip.
148 4442 192 4506 15,
211 4442 254 4507 13,
272 4442 297 4493 3.
315 4471 349 4479 -
366 4441 393 4497 3)
411 4444 554 4510 ‘receptum
573 4439 612 4492 is’.
