2916 4860
590 395 686 450 Edicta
702 399 861 464 praetorum.
1013 351 1018 361 N
1276 400 1337 467 149

114 567 165 631 vel
193 583 336 646 uxorem,
366 568 417 631 vel
448 585 566 632 nurum
589 569 621 632 in
644 568 800 634 iudicium
821 568 963 634 vocabit:
994 569 1237 652 qualiscumque
1259 569 1338 640 fide·

111 668 220 733 iussor
238 668 359 733 iudicio
377 669 513 735 sistendi
537 687 636 734 causa
658 669 843 752 accipiatur.
877 668 935 752 (U.
956 673 985 735 5.
1009 669 1054 736 D.
1077 673 1110 751 2,
1133 675 1166 752 8,
1186 676 1220 753 2,
1241 673 1293 758 2.)

198 767 228 834 4.
252 770 290 834 In
307 770 394 836 bona
413 772 492 852 eius,
512 772 565 853 qui
584 771 704 836 iudicio
722 772 855 838 sistendi
874 789 973 839 eausa
996 769 1217 840 fideiussorem
1236 776 1335 858 dedit,

108 873 136 937 si
168 889 273 954 neque
304 877 500 952 potestatem
533 874 584 938 sui
614 871 723 953 faciet,
753 890 859 955 neque
891 871 1096 955 defendetur,
1135 858 1186 938 iri'
1208 875 1336 945 iubebo.

110 973 169 1055 (U.
188 977 218 1038 5.
242 973 285 1039 D.
307 977 362 1052 42,
386 978 416 1052 4,
439 978 472 1052 2,
491 975 561 1057 pr.)

196 1074 251 1139 De
268 1076 512 1156 postulando.
550 1075 577 1137 1.
596 1074 720 1158 (Minor
737 1076 830 1141 annis
848 1074 950 1154 XVII,
973 1076 1105 1162 surdus)
1128 1128 1136 1143 .
1159 1127 1168 1146 .
1190 1128 1198 1144 .
1221 1081 1250 1146 si
1271 1099 1335 1147 non

109 1176 277 1244 habebunt
299 1177 503 1259 advocatum,
526 1195 586 1259 ego
609 1177 702 1243 debe.
736 1177 794 1259 (U.
815 1181 845 1243 6.
867 1177 913 1243 D.
935 1181 966 1258 3,
990 1183 1020 1259 1,
1046 1184 1075 1259 1,
1100 1183 1131 1245 3.
1153 1180 1200 1264 4.)

197 1276 229 1343 2.
261 1277 322 1356 Qui
343 1279 415 1361 lege
437 1279 620 1360 plebiscito,
643 1281 932 1361 senatusconsulto,
955 1280 1071 1362 edicto,
1088 1269 1224 1370 'decreto
1247 1285 1335 1366 prin·
1412 1353 1414 1357 ,

111 1383 230 1463 cipum,
254 1381 317 1446 nisi
334 1399 393 1462 pro
412 1381 509 1446 certis
526 1382 684 1462 personis,
707 1382 872 1462 postulare
883 1381 1106 1470 prohibentur,
1129 1384 1162 1449 hi
1178 1402 1237 1466 pro
1259 1385 1333 1465 alio,

111 1501 211 1565 quam
233 1501 293 1564 pro
318 1501 381 1565 quo
405 1481 525 1564 licebit,
543 1483 576 1547 in
600 1484 670 1548 iure
694 1484 782 1564 apud
804 1502 855 1548 me
877 1502 919 1549 ne
941 1485 1113 1566 postulent.
1154 1485 1213 1568 (U.
1236 1491 1266 1552 6.
1289 1486 1333 1552 D.

110 1584 323 1667 anam

198 1684 228 1752 3.
271 1683 411 1751 Infamia
444 1690 593 1752 notatur:
621 1686 664 1769 (l)
691 1688 746 1768 qui
768 1686 811 1752 eb
838 1688 982 1754 exercitu
1008 1689 1205 1772 ignominiae
1236 1708 1335 1756 causa

112 1790 154 1855 ab
172 1789 371 1870 imperatore
383 1806 471 1869 eove,
490 1789 542 1854 cui
560 1789 599 1854 de
614 1807 654 1855 ea
668 1808 704 1854 re
716 1789 883 1856 statuendi
899 1794 1045 1872 potestas
1054 1789 1163 1871 fuerit,
1182 1790 1334 1858 dimissus

111 1891 190 1970 θήῃ
214 1889 273 1973 (Η)
298 1890 354 1972 qui
373 1890 455 1956 artis
477 1891 622 1956 ludicrae
645 1890 917 1972 pronuntiandive
939 1909 1040 1958 causa
1060 1893 1094 1957 in
1117 1910 1245 1959 scenam
1260 1912 1334 1974 pro-

114 1993 227 2070 dierit3
257 1992 328 2074 (Ill)
355 1992 411 2074 qui
436 1992 632 2056 lenocinium
657 1991 788 2072 fecerit3
815 1992 888 2075 (IV)
916 1993 971 2074 qui
997 1993 1032 2057 in
1057 1992 1178 2060 iudicio
1205 1994 1334 2076 publico

111 2094 293 2160 calumniae
321 2094 651 2175 praevaricationisve
683 2112 781 2174 eausa
813 2092 892 2175 quid
932 2093 1046 2160 iecisse
1072 2094 1235 2162 iudicatus
1257 2097 1333 2175 θήῃ

109 2197 165 2281 (V)
187 2197 245 2280 qui
266 2195 356 2276 furti,
378 2197 410 2260 vi
432 2196 590 2262 bonorum
611 2200 787 2278 raptorum,
809 2196 1013 2275 iniuriarum,
1036 2196 1077 2263 de
1099 2198 1172 2264 dolo
1193 2194 1279 2264 malo
1301 2186 1335 2264 et

110 2298 240 2380 fraude,
267 2318 325 2364 suo
348 2300 477 2364 nomine
505 2299 678 2365 damnatus
700 2302 853 2380 pectusve
883 2298 960 2378 θήῃ
983 2298 1056 2382 (VI)
1079 2300 1135 2382 qui
1157 2318 1216 2381 pro
1238 2300 1334 2381 socio,

109 2403 244 2481 tutelae,
263 2401 420 2480 mandati,
437 2401 586 2481 depositi,
605 2418 663 2466 suo
678 2401 817 2482 nomine,
836 2419 900 2466 non
918 2401 1080 2466 contrario
1095 2400 1225 2482 iudicio,
1244 2402 1334 2467 dam·

111 2509 210 2570 natus
232 2504 310 2582 θήῃ
333 2502 422 2586 (VII)
445 2503 501 2584 qui
523 2520 610 2584 eam,
639 2520 722 2585 quae
745 2503 779 2568 in
801 2506 967 2584 potestate
990 2504 1061 2569 eius
1082 2508 1184 2585 esset,
1215 2521 1334 2587 genero

109 2611 251 2686 mortuo,
284 2624 356 2671 cum
385 2623 459 2670 eum
485 2609 650 2671 mortuum
678 2623 750 2670 esse
778 2605 891 2685 sciret,
921 2606 1009 2670 intra
1037 2605 1073 2671 id
1097 2610 1239 2688 tempus,
1269 2622 1332 2687 quo

112 2710 242 2790 elugere
264 2708 370 2772 virum
392 2706 490 2772 moris
513 2711 576 2785 est,
605 2711 778 2789 antequam
800 2707 904 2771 virum
926 2707 1085 2789 elugeret,
1111 2707 1146 2773 in
1167 2707 1332 2774 matrimo-

111 2811 198 2875 nium
223 2806 441 2890 collocaverit,
473 2827 585 2875 eamve
607 2808 712 2874 seiens
734 2809 806 2892 quis
833 2826 965 2874 uxorem
988 2808 1128 2890 duxerit,
1158 2827 1222 2876 non
1243 2809 1332 2875 iussu

111 2913 189 2993 ciue,
205 2913 239 2977 in
257 2913 348 2978 cuius
365 2915 531 2994 potestate
540 2915 603 2990 est3
623 2917 655 2976 et
673 2911 728 2992 qui
742 2929 826 2990 eum,
845 2928 941 2992 quem
954 2911 989 2975 in
1006 2914 1170 2992 potestate
1186 2909 1331 2987 heberet,

111 3033 189 3096 eam,
209 3016 250 3080 de
265 3032 330 3096 que
338 3032 437 3095 supra
447 3012 781 3094 comprehensumest‚
795 3030 927 3078 uxorem
937 3012 1056 3078 ducere
1070 3029 1187 3093 pessus
1202 3009 1330 3089 fuerit13

113 3115 217 3199 (VIII)
236 3118 331 3198 quive
354 3134 411 3181 suo
430 3115 568 3194 nomine,
594 3133 657 3181 non
682 3115 772 3179 iussu
787 3114 870 3194 eius,
891 3113 926 3178 in
945 3113 1037 3179 ouius
1054 3117 1218 3195 potestate
1236 3118 1332 3191 esset,

115 3219 224 3284 eiusve
242 3218 381 3298 nomine,
397 3235 493 3299 quem
511 3235 649 3300 quemve
667 3218 701 3282 in
722 3219 886 3297 potestate
901 3214 1051 3295 heberet,
1072 3213 1150 3280 bine
1170 3214 1332 3295 sponsalia

113 3321 247 3386 binesve
264 3321 397 3400 nuptias
415 3321 448 3384 in
467 3320 577 3386 eodem
591 3324 736 3399 tempore
754 3317 948 3383 constitutas
964 3314 1127 3382 habuerit.
1162 3313 1221 3397 (U.
1238 3319 1267 3380 6.
1286 3314 1330 3380 D.

112 3423 340 3504 naama

194 3521 226 3588 4.
261 3521 323 3600 Qui
354 3541 392 3588 ex
418 3522 468 3587 his
487 3522 644 3599 omnibus
674 3522 728 3602 qui
753 3538 853 3601 supra
877 3520 990 3601 scripti
1012 3522 1097 3600 sunt,
1116 3519 1150 3584 in
1167 3520 1331 3603 integmm

113 3626 287 3690 restitutus
305 3643 369 3689 non
388 3625 459 3699 erit,
479 3642 575 3688 eum.
598 3648 636 3687 .’.
656 3678 662 3687 ,

196 3775 203 3790 .
224 3777 257 3793 ..
280 3744 340 3807 pro
363 3727 427 3792 alio
449 3744 489 3790 ne
512 3726 688 3807 postulent,
706 3730 937 3807 praeterquam
956 3741 1013 3804 pro
1029 3728 1174 3806 parente,
1194 3729 1331 3806 patrono

112 3833 258 3910 petrona,
284 3828 397 3894 liberis
422 3828 676 3910 parentibusque
703 3827 844 3909 petroni,
871 3832 1045 3907 petronee3
1074 3826 1226 3893 liberisve
1254 3826 1331 3904 suis,

177 4050 205 4118 1)
222 4048 408 4104 Haoe'claseis
425 4047 478 4102 v11
496 4047 579 4102 etiam
596 4047 624 4099 in
648 4045 706 4100 Vct.
723 4046 760 4113 fr.
779 4049 834 4100 320
851 4045 938 4099 relata
960 4047 1010 4113 est,
1028 4046 1115 4099 minus
1137 4044 1281 4112 diligenter
1303 4045 1332 4096 et

110 4135 211 4189 omissio
232 4133 323 4189 verbis
345 4133 511 4202 quibusdam.
547 4132 648 4186 Addita
670 4133 760 4186 eutem
783 4131 812 4184 in
833 4131 887 4184 fine
910 4131 988 4195 sunt,
1011 4146 1078 4199 quae
1100 4130 1128 4184 in
1147 4129 1201 4197 dig.
1219 4142 1272 4181 non
1290 4142 1331 4180 re·

111 4221 187 4288 cepta
207 4221 283 4274 sunt:
302 4219 411 4287 ‘quaeve
430 4217 515 4271 virum
533 4224 672 4286 parentem
689 4215 820 4270 liberosve
838 4231 907 4281 suos,
924 4215 967 4268 uti
984 4216 1064 4270 moris
1081 4217 1193 4274 estnon
1209 4211 1333 4282 eluxerit,

111 4319 209 4372 quaeve
227 4319 287 4358 cum
305 4301 471 4372 inpotentis
489 4301 530 4356 sui
548 4303 682 4371 potestate
700 4316 752 4354 non
770 4303 849 4364 esset,
866 4299 923 4353 viro
938 4303 1191 4365 mortuo,cumeum
1198 4300 1332 4350 mortuum
1384 4341 1396 4358 ,

111 4404 166 4444 esse
183 4390 280 4454 sciret,
305 4388 379 4442 intre
395 4387 423 4441 id
441 4389 559 4456 tempus,
581 4402 632 4456 quo
650 4385 758 4453 elegere
775 4385 861 4439 vimm
878 4384 960 4439 moris
977 4387 1027 4449 est,
1044 4381 1179 4452 nupserit'.
1197 4410 1231 4420 -
1247 4381 1274 4447 2)
1292 4381 1334 4435 Ι)θ

112 4473 287 4542 inscriptione
305 4473 384 4526 huius
402 4472 453 4527 loci
471 4479 503 4526 v.
514 4471 581 4527 Eud
602 4472 693 4541 praef.
707 4488 738 4540 p.
756 4474 799 4525 10.
