2916 4860
608 390 709 446 Causae
726 391 852 446 forenses.
1283 394 1346 459 229

112 561 247 626 nuateis
285 566 319 624 et
349 560 515 625 Veiturios
535 562 584 625 in
616 582 651 626 re
687 568 857 643 praesente
901 568 1132 644 cognoverunt,
1178 570 1213 628 et
1243 584 1348 631 coram

112 666 280 727 intereos
303 663 522 728 controvosias
545 664 838 744 composeiverunt,
864 662 868 749 Ι
892 670 926 728 et
949 684 1014 745 qua
1041 665 1113 744 lege
1137 683 1251 746 agrum
1275 686 1348 747 pos·
1372 677 1376 685 ’

113 766 260 828 siderent
283 769 317 828 et
340 783 403 846 qua
424 761 516 829 fineis
539 763 663 844 fierent,
688 767 865 831 dixserunt.
910 767 976 831 Eos
998 764 1091 832 fineis
1113 766 1221 832 facere
1236 769 1348 833 termi-

113 884 239 946 nosque
272 865 376 929 stotui
408 865 574 945 iuserunt;
606 865 611 950 Ι
640 867 714 931 ubei
747 885 784 931 ea
811 867 898 932 lacta
928 874 1048 948 essent,
1080 871 1212 934 Romam
1241 887 1347 934 coram

113 969 226 1032 venire
258 967 435 1030 iouserunt.
481 967 604 1032 Romae
639 987 746 1033 coram
778 970 974 1033 sententiam
1005 989 1044 1034 ex
1076 970 1179 1034 senati
1202 970 1347 1034 consulto

118 1071 271 1134 dixerunt
294 1069 447 1147 eidib(us)
478 1069 482 1148 Ι
506 1068 765 1148 Decemb(ribusl
791 1070 825 1134 L.
848 1070 1004 1149 Caecilio,
1028 1070 1064 1148 Q.
1087 1069 1122 1151 f,
1146 1069 1182 1146 Q.
1207 1070 1346 1151 Muucio,
1357 1082 1381 1136 5.

114 1171 151 1248 Q.
176 1170 207 1251 f,
232 1189 308 1234 cos:
1340 1207 1343 1215 ·

203 1271 276 1348 Qua
299 1291 376 1352 ager
399 1273 547 1353 privatus
570 1274 683 1338 castell
707 1274 910 1339 Vituriorum
933 1280 997 1354 est,
1027 1294 1121 1356 quem
1151 1294 1266 1357 agrum
1293 1294 1348 1340 eos

116 1376 258 1440 vendere
282 1375 497 1456 heredemque
518 1375 522 1456 Ι
542 1377 633 1456 sequi
655 1376 741 1455 licet,
763 1378 792 1441 is
815 1395 893 1458 ager
915 1377 1055 1458 vectigal
1077 1377 1129 1441 nei
1153 1378 1223 1442 siet.
1247 1402 1287 1434 m

203 1477 399 1558 Longatium
423 1475 513 1542 fineis
536 1479 608 1558 agri
630 1479 765 1558 privati:
789 1479 838 1544 Ab
863 1479 931 1544 rivo
955 1477 1076 1557 infimo,
1101 1480 1156 1560 qui
1179 1478 1282 1543 oritur
1305 1481 1345 1543 ab

115 1579 218 1643 fontei
248 1579 280 1641 in
307 1578 489 1642 Mannicelo
520 1578 562 1643 ad
588 1576 720 1643 flovium
740 1577 744 1663 Ι
763 1580 881 1658 Edem3
905 1581 949 1645 ibi
973 1581 1132 1652 terminus
1164 1586 1240 1646 stat.
1269 1580 1347 1644 Inde
1414 1577 1417 1583 ’

115 1678 212 1744 flovio
236 1697 310 1744 suso
333 1697 462 1744 vorsum
485 1680 518 1743 in
541 1678 671 1744 flovium
690 1681 863 1746 Lemurim.
882 1682 961 1747 Inde
980 1680 1074 1747 flovio
1090 1682 1220 1746 Lemuri
1236 1700 1347 1746 susum

118 1800 222 1863 usque
245 1781 285 1845 ad
309 1782 410 1844 rivom
434 1780 724 1861 Comberanelam).
746 1779 750 1866 Ι
770 1783 849 1847 Inde
867 1788 937 1849 etcl
1354 1792 1378 1844 8.

204 1883 285 1964 Agri
317 1883 433 1964 poplici
465 1883 551 1964 quod
581 1884 766 1964 Langenses
793 1885 943 1965 posident
975 1885 1062 1949 hisce
1092 1883 1165 1949 finis
1196 1885 1348 1949 videntur

116 2004 204 2051 esse:
225 1985 290 2051 Ubi
314 1984 486 2051 comfluont
505 1984 510 2070 Ι
530 1985 620 2050 Edus
643 1990 676 2049 et
699 1985 889 2066 Procobere,
912 1987 978 2050 ibei
996 1988 1154 2050 terminus
1172 1990 1247 2050 stat.
1267 1986 1396 2049 Inde14.

117 2088 189 2151 Ede
205 2085 298 2151 flovio
314 2105 516 2152 sursuorsum
538 2088 571 2150 in
593 2092 735 2153 montem
757 2087 930 2152 Lemurino
949 2087 1084 2166 infumo;
1107 2089 1171 2152 ibei
1190 2088 1347 2151 terminus

142 2193 220 2252 stat.
244 2188 324 2253 Inde
346 2207 475 2253 sursum
497 2205 627 2253 vorsum
650 2189 725 2270 iugo
749 2194 837 2254 recto
860 2196 968 2254 monte
989 2190 1175 2268 Lemurin03
1199 2189 1263 2255 ibei
1282 2194 1347 2253 ter-

118 2292 227 2355 minos
250 2296 326 2354 stat.
348 2291 427 2355 Inde
450 2292 520 2355 etr.l

203 2391 304 2469 Quem
332 2411 447 2472 agrum
475 2394 635 2474 poplicum
660 2392 665 2476 Ι
693 2393 876 2459 iudicamus
899 2413 983 2473 esse,
1006 2413 1079 2459 eum
1102 2413 1216 2476 agrum
1240 2399 1396 2458 caste-24.

113 2496 207 2558 lanos
237 2492 424 2574 Langenses
458 2493 622 2558 Veiturios
652 2492 830 2577 polsl]dere
862 2494 991 2577 fruique
1024 2497 1156 2561 videtur
1187 2500 1346 2576 oportere.

113 2597 179 2661 Pro
207 2613 244 2659 eo
272 2613 350 2675 agro
375 2596 516 2676 vectigal
539 2595 725 2677 Langenses
752 2595 756 2681 Ι
784 2597 929 2662 Veituris
954 2599 987 2661 in
1016 2598 1177 2679 poplicum
1200 2597 1346 2662 Genuam

113 2701 194 2763 dent
224 2699 255 2761 in
286 2716 364 2764 anos
380 2698 536 2799 singulos
565 2699 798 2776 vicltoriatosl‘2
825 2702 997 2779 n(ummos)
1023 2698 1137 2764 CCCC.
1183 2699 1237 2764 Sei
1261 2699 1346 2764 Lan·

113 2917 217 2971 ibidem
243 2917 270 2969 in
294 2916 368 2970 ouria
390 2915 542 2970 adservata.
578 2915 677 2983 Capita
701 2916 830 2968 distincta
854 2932 906 2968 non
925 2918 1001 2984 sunt,
1024 2916 1077 2969 nisi
1095 2915 1165 2984 quod
1182 2933 1206 2968 v.
1224 2916 1258 2969 37
1276 2916 1347 2968 roois

110 3002 208 3070 ‘prata'
228 3000 320 3054 littera
339 3000 377 3054 ‘P'
395 2999 424 3052 in
440 3001 589 3068 marginem
607 3000 748 3068 prominet.
783 3001 823 3053 De
842 3000 1007 3054 editionibus
1025 3001 1156 3070 prioribus
1174 3017 1200 3052 v.
1218 2999 1281 3054 0.Ι.
1301 3001 1346 3053 oit.

114 3085 286 3147 Addendum,
309 3085 377 3152 quod
396 3083 525 3138 Rudorffii
549 3087 736 3145 commentatio
757 3085 867 3138 laudate
890 3101 915 3142 a.
939 3087 1005 3140 1861
1029 3085 1128 3139 iterum
1146 3084 1219 3138 edita
1237 3088 1279 3137 est
1297 3085 1337 3137 in:

112 3171 205 3228 ΖΕΘ.
224 3175 248 3234 1,
266 3173 319 3223 168
336 3170 378 3236 (cf.
396 3169 431 3232 ab,
449 3173 476 3236 2,
494 3172 554 3235 473,
572 3172 600 3222 et
619 3169 672 3224 Bb.
691 3170 764 3224 Mus.
783 3175 826 3233 18,
845 3173 917 3236 452).
937 3170 1205 3225 Genustiumcivitas
1216 3185 1284 3222 saec.
1296 3168 1346 3222 Vll

113 3259 202 3313 libera
226 3254 332 3324 quidem
355 3253 442 3308 adhue
465 3255 532 3321 fuit,
556 3255 677 3308 sedium
700 3256 762 3309 inde
781 3274 796 3309 a
816 3256 894 3309 bellis
912 3255 1019 3309 Punicis
1043 3256 1219 3308 Romanorum
1237 3252 1347 3320 imperio

114 3339 311 3412 quodammodo
335 3338 444 3392 subdita
468 3342 518 3393 est.
553 3339 631 3393 Vicos
655 3340 817 3408 castellaque
841 3341 928 3393 vicina
950 3338 1071 3393 subiecta
1096 3338 1202 3406 quidem
1221 3336 1346 3401 habebat,

115 3429 158 3481 ita
176 3429 277 3488 tamen,
295 3425 327 3476 nt
346 3424 394 3476 lite
412 3439 472 3476 cnm
490 3424 523 3476 iis
542 3423 575 3476 de
593 3424 691 3477 finibus
709 3418 832 3492 agrorum
852 3428 950 3490 exorta,
969 3440 1020 3486 uon
1039 3423 1096 3490 ipsa
1113 3440 1160 3491 per
1168 3423 1346 3490 magistratus

114 3528 178 3565 suos
200 3525 257 3562 rem
282 3506 427 3561 diiudicare
445 3512 549 3576 posset,
572 3509 619 3562 sed
637 3524 653 3560 a
671 3511 767 3562 senatu
785 3509 903 3562 Romano
922 3509 1036 3562 arbitros
1053 3509 1150 3562 finium
1167 3506 1345 3576 regundorum

114 3599 207 3664 petere
227 3595 373 3662 cogeretur.
409 3592 475 3645 Dati
492 3596 556 3646 sunt
565 3593 596 3657 Q.
615 3598 643 3647 et
653 3593 689 3646 M.
708 3593 819 3646 Minucii
829 3594 890 3647 Rufi
908 3595 1014 3655 fratres,
1032 3594 1141 3660 nepotes
1151 3592 1265 3646 fortasse
1280 3591 1349 3654 eius,

115 3680 163 3748 qui
182 3678 294 3746 Ligures
313 3693 336 3731 a.
356 3677 406 3730 557
425 3676 577 3744 subegerat,
597 3677 628 3742 Q.
646 3677 766 3733 Minucii.
802 3678 854 3746 Qui
872 3678 978 3746 quidem
998 3677 1119 3732 Genuam
1138 3678 1249 3746 profecti
1267 3693 1347 3731 causa

115 3764 229 3833 cognita
247 3762 454 3816 controversiam
473 3765 685 3830 composuerunt,
703 3763 820 3831 finesque
838 3778 960 3830 agrorum
980 3762 1119 3816 terminari
1127 3762 1275 3824 iusserunt;
1296 3778 1347 3829 quo

115 3849 190 3903 iacto
208 3848 322 3908 Romae,
346 3846 464 3914 partium
488 3846 586 3915 legatis
608 3846 804 3914 praesentibus,
830 3848 914 3900 hence
939 3864 1019 3915 quam
1036 3847 1165 3902 habemus
1183 3846 1346 3900 sententiam

115 3933 255 3993 dixerunt,
279 3931 354 3984 cuius
376 3930 484 3999 quidem
509 3947 612 3984 summa
630 3932 658 3984 in
677 3948 707 3985 eo
725 3935 774 3996 est,
792 3932 862 4000 quod
879 3932 977 3986 finibus
996 3933 1056 4000 agri
1073 3936 1130 3986 tam
1147 3931 1248 4000 privati
1266 3945 1346 3997 quam

115 4016 220 4087 publici
238 4016 419 4082 Langensium
438 4015 639 4081 determinetis,
667 4018 726 4086 agri
748 4017 850 4086 publici
874 4017 992 4071 condicio
1014 4019 1087 4071 vario
1113 4033 1143 4070 ex
1166 4016 1239 4084 agris
1257 4014 1346 4077 cultis,

115 4101 290 4171 compascuis,
308 4099 393 4167 pratis
411 4099 547 4155 definitur.
565 4132 599 4139 -
618 4103 660 4166 11)
678 4103 695 4154 i.
715 4118 737 4155 e.
757 4102 787 4167 Q.
807 4104 836 4155 et
853 4102 890 4154 M.
909 4102 1029 4165 Minucii,
1055 4102 1087 4167 Q.
1104 4101 1162 4163 filii,
1180 4099 1250 4154 Rufi.
1277 4099 1347 4153 Nam

116 4187 175 4240 ‘eis'
194 4184 310 4250 antiqua
327 4184 411 4237 forma
429 4187 470 4238 est
489 4201 561 4239 nom.
580 4186 656 4254 plur,
675 4185 735 4238 vide
753 4202 833 4255 supra
846 4203 875 4254 p.
895 4190 948 4240 132
965 4203 992 4238 rr.
1009 4191 1034 4243 1.

189 4271 215 4330 1)
234 4267 343 4322 Finium
361 4268 567 4336 descriptionem
586 4271 694 4338 longam
713 4270 876 4336 omisi-2)
885 4270 1016 4324 Nummus
1034 4271 1084 4324 illa
1101 4272 1190 4322 aetate
1200 4269 1227 4321 in
1237 4268 1346 4335 regione

117 4351 326 4423 circumpadana
346 4353 480 4421 vulgaris3
498 4354 536 4407 IV
555 4355 618 4410 vict.
636 4378 670 4401 z
688 4355 728 4407 lll
746 4355 814 4417 den,
832 4356 865 4410 cf.
885 4356 1045 4422 Mororum,
1063 4355 1233 4408 Mdaroocserr
1245 4371 1275 4423 p.
1294 4358 1347 4408 389

119 4445 147 4494 et
165 4441 236 4494 inira
254 4441 345 4492 notam
364 4437 397 4492 ad
416 4438 487 4492 Fert.
506 4456 531 4494 r.
549 4441 663 4495 sesterti.
