2916 4860
636 361 846 429 Agrimensores.
1289 357 1351 423 309

123 539 264 619 patoriis
287 542 442 618 ageretur
465 536 567 617 agris,
592 539 625 598 et
648 533 806 614 quidquid
828 532 876 596 vis
900 549 1004 612 aquae
1028 530 1211 608 abstulerit,
1234 530 1353 611 repeti-

123 643 245 707 tionem
273 657 366 704 nemo
395 638 539 703 babebit,
586 635 674 712 Quae
701 653 754 699 res
782 634 1008 699 necessitatem
1038 633 1129 712 ripae
1159 633 1352 697 muniendae

122 743 275 823 iniungit,
299 743 346 805 ita
370 746 488 818 tamen,
505 758 545 802 ne
565 738 699 802 alterius
719 738 835 801 damno
854 736 1028 816 quicquam
1045 733 1154 810 faciat,
1174 734 1228 815 qui
1246 734 1352 814 ripam

124 839 278 909 1111111.ι
323 842 357 908 Si
381 861 455 907 vero
478 842 511 906 in
535 841 638 905 divisa
657 845 690 903 et
709 839 881 918 adsignata
899 838 1029 917 regione
1048 837 1253 913 tractabitur,
1272 836 1353 899 nihil

122 947 256 1011 amittet
284 964 460 1024 possessor,
494 944 644 1025 quoniam
672 940 781 1005 formis
813 958 872 1020 per
902 939 1065 1005 centurias
1096 944 1204 1003 certus
1234 939 1351 1020 cuique

120 1049 238 1113 modus
269 1047 453 1126 adscriptus
476 1051 535 1109 est.
580 1042 673 1108 Circa
695 1043 818 1107 Padum
845 1047 953 1106 autem
977 1059 1048 1105 cum
1072 1045 1236 1121 ageretur,
1267 1041 1351 1120 quod

119 1149 240 1215 flumen
269 1156 395 1214 torrens
425 1155 458 1213 et
487 1147 661 1228 aliquando
688 1150 755 1209 tam
778 1145 955 1209 violentum
979 1143 1134 1220 decurrit,
1164 1147 1202 1206 ut
1225 1142 1350 1207 alveum

121 1257 226 1317 mutet
250 1257 282 1317 et
304 1252 481 1315 multorum
505 1250 573 1314 late
597 1267 692 1330 agros
716 1253 806 1311 trans
828 1248 945 1327 ripam,
974 1251 1011 1310 ut
1034 1247 1081 1310 ita
1103 1245 1221 1324 dicam,
1244 1251 1351 1308 trans·

122 1353 218 1433 ferat,
242 1373 339 1434 saepe
365 1353 464 1416 etiam
487 1351 610 1416 insulas
633 1348 761 1428 efficiat,
785 1347 917 1414 Cassius
940 1349 1115 1428 Longinus
1138 1348 1352 1428 prudentissi-

120 1475 194 1520 mus
217 1457 276 1534 vir,
299 1456 380 1519 iuris
406 1460 528 1531 auctor,
555 1453 614 1517 hoc
637 1453 764 1528 statuit,
788 1456 824 1515 ut
847 1451 1005 1532 quidquid
1028 1469 1113 1531 aqua
1136 1450 1351 1514 lambisceudo

125 1558 309 1635 abstulerit,
332 1557 365 1620 id
390 1572 555 1635 possessor
577 1555 716 1632 amittat,
741 1552 890 1633 quoniam
910 1551 1032 1615 scilicet
1051 1553 1152 1631 ripam
1172 1571 1264 1616 suam
1284 1553 1351 1617 siue

122 1661 258 1725 alterius
286 1660 403 1731 damno
434 1658 519 1721 tueri
542 1657 653 1734 debet;
686 1657 712 1720 si
735 1671 810 1718 vero
832 1654 952 1717 maiore
975 1654 1007 1715 vi
1031 1654 1202 1718 decurrens
1223 1655 1349 1718 alveum

121 1767 290 1840 mutasset,
302 1779 395 1826 suum
413 1761 545 1840 quisque
560 1760 690 1824 modum
705 1762 903 1838 agnosceret,
915 1755 1064 1837 quoniam
1079 1773 1140 1818 uon
1156 1756 1350 1834 possessoris

121 1864 331 1944 neglegentia
355 1864 411 1927 sed
434 1862 640 1941 tempestatis
668 1859 822 1924 violentia
846 1860 1017 1937 abreptum
1042 1863 1192 1937 apparet,
1223 1859 1348 1921 sivero

121 1966 259 2031 insulam
282 1965 422 2041 lecisset,
446 1984 464 2028 a
484 1964 574 2029 cuius
593 1981 672 2043 agro
691 1960 830 2040 fecisset,
849 1961 876 2025 is
892 1961 1090 2040 possideret3
1109 1965 1143 2023 at
1159 1960 1184 2022 si
1205 1977 1244 2022 ex
1264 1978 1347 2024 com·

120 2069 221 2145 muni,
246 2069 380 2149 quisque
403 2083 497 2133 suum
519 2062 698 2144 reciperet’

206 2167 328 2253 Ι(1))111
356 2170 440 2233 iure
468 2167 800 2232 111111111111111.
828 2172 878 2230 est
902 2166 941 2230 de
968 2164 1033 2243 his,
1065 2182 1148 2245 quae
1180 2165 1221 2228 ad
1244 2165 1345 2245 ipsam
1357 2166 1397 2218 17.

120 2273 235 2335 urbem
260 2273 434 2351 pertinent,
459 2272 526 2335 sive
550 2270 628 2351 quid
651 2270 738 2332 intra
761 2269 939 2348 pomerium
960 2267 1028 2331 eius
1051 2266 1142 2330 urbis
1165 2267 1237 2343 erit,
1262 2268 1348 2346 quod

120 2394 139 2437 a
165 2373 303 2453 privatis
327 2374 478 2453 operibus
503 2373 643 2453 optineri
665 2391 728 2437 uon
753 2371 923 2452 oportebit.
947 2406 987 2414 -—
1011 2375 1045 2428 F.
1064 2379 1107 2429 52.
1126 2377 1159 2428 A.
1179 2378 1222 2429 14.
1241 2375 1275 2427 Η
1289 2379 1347 2430 133.
1437 2417 1440 2423 ,

206 2472 277 2556 (10)
296 2475 345 2538 De
364 2476 575 2539 subsicivis
595 2480 695 2539 contr.
712 2479 771 2551 est,
790 2474 940 2554 quotiens
959 2473 1068 2552 aliqua
1086 2491 1161 2553 pars
1181 2472 1396 2537 centuriae20·

119 2578 187 2641 sive
211 2580 283 2639 tota
305 2594 368 2639 non
392 2580 442 2638 est
466 2576 638 2655 adsignata
661 2582 695 2639 et
722 2577 915 2655 possidetur.
960 2581 1192 2634 11111131.

205 2674 276 2759 (11)
288 2677 337 2740 De
353 2676 452 2739 locis
471 2675 642 2755 publicis
661 2677 729 2741 sive
739 2696 811 2757 pop.
823 2677 911 2740 Rom.
929 2677 994 2740 sive
1005 2676 1201 2740 coloniarum
1211 2677 1346 2740 munici-

117 2781 285 2860 piorumve
305 2783 405 2842 contr.
424 2782 482 2855 est,
503 2778 652 2858 quotiens
671 2796 711 2840 ea
725 2778 804 2855 loca,
824 2797 908 2858 quae
926 2797 1031 2858 neque
1050 2779 1222 2858 adsignata
1240 2797 1344 2858 neque

117 2882 253 2946 vendita
282 2879 404 2944 fuerint
426 2898 595 2961 umquam,
625 2881 742 2961 aliquis
773 2881 968 2960 possederit,
999 2884 1035 2943 ut
1055 2879 1181 2943 alveum
1205 2878 1344 2944 fluminis

116 2987 260 3046 ueterem
283 3002 354 3063 pop.
377 2982 468 3046 Rom.
491 2994 537 3042 erc.
556 2988 642 3040 -F,
661 2992 703 3042 54.
720 2990 754 3042 A.
774 2992 816 3043 15.

205 3082 466 3164 (12)Ι)111111
498 3086 660 3149 relictis
692 3091 734 3149 et.
753 3092 845 3150 extra
873 3085 970 3148 clusis
997 3088 1097 3146 contr.
1127 3088 1176 3147 est
1199 3085 1232 3147 in
1255 3086 1394 3165 agrisar.

119 3187 310 3267 adsignatis.
355 3187 483 3252 Relicta
509 3193 618 3253 autem
641 3189 712 3253 loca
735 3195 825 3268 sunt,
859 3195 944 3270 quae
968 3188 1035 3250 sive
1059 3186 1203 3268 locorum
1226 3187 1395 3268 iniqui-22.

118 3295 190 3353 tate
222 3289 289 3352 sive
322 3289 457 3353 arbitrio
482 3292 656 3355 conditoris
678 3292 797 3356 limites
820 3309 884 3355 non
912 3292 1126 3368 acceperunt,-
1157 3288 1238 3353 haec
1268 3298 1343 3355 suut

118 3391 200 3454 iuris
232 3391 477 3455 subsicivorum.
521 3393 623 3457 Extra
651 3395 741 3458 clusa
772 3395 842 3459 loca
874 3398 950 3458 suut
978 3409 1082 3472 aeque
1107 3391 1186 3454 iuris
1217 3393 1342 3473 subsic,

119 3510 203 3574 quae
222 3493 308 3556 ultra
330 3494 450 3558 limites
474 3499 506 3558 et
525 3495 612 3560 intra
635 3494 807 3560 finitimam
824 3497 941 3560 lineam
962 3493 1055 3558 erint.
1076 3532 1115 3542 -
1135 3499 1169 3551 F.
1186 3505 1227 3554 55.
1246 3503 1280 3554 A.
1295 3505 1342 3566 11,

116 3691 148 3698 -
170 3677 217 3728 per
238 3661 419 3724 interdictum,
438 3662 463 3714 h.
483 3679 504 3716 e.
520 3661 576 3716 iure
592 3663 733 3727 ordinario,
741 3663 879 3730 litigatum
900 3664 1008 3716 hocnon
1018 3667 1059 3716 est
1070 3662 1225 3732 discipliuae
1236 3667 1342 3718 nostrae

116 3745 256 3810 iudicium,
274 3745 321 3799 sed
339 3746 408 3814 apud
428 3747 576 3815 praesidem
595 3748 742 3816 provinciae
761 3749 860 3815 agitur,
880 3778 913 3787 -
932 3749 1001 3800 sicut
1019 3749 1061 3801 lex
1079 3749 1132 3803 ait:
1155 3750 1215 3802 ‘uisi
1233 3750 1265 3802 de
1283 3765 1341 3816 pos-

115 3831 240 3883 sessionis
259 3835 334 3884 11111
352 3834 473 3900 quaestio
492 3832 575 3885 fuerit
593 3834 746 3899 terminata,
764 3850 816 3886 non
835 3834 898 3887 licat
916 3835 1029 3886 mensori
1047 3835 1148 3901 praeire
1168 3835 1201 3887 ad
1220 3835 1302 3888 loca'J

187 3917 212 3980 1)
231 3915 285 3969 Sic.
304 3920 363 3980 150,
382 3921 433 3971 24:
451 3917 543 3970 ‘Risus
562 3918 686 3984 quotiens
704 3919 784 3970 finem
802 3918 875 3980 lacit,
898 3919 1048 3986 appellatur
1065 3921 1129 3972 ‘rivo
1147 3922 1220 3973 recto
1239 3921 1341 3984 (curuo-

115 4001 200 4068 q1rce,·)'
221 4002 308 4068 quisi
328 4003 438 4055 alicuius
458 4004 543 4054 terras
561 4003 716 4056 minutatim
736 4020 766 4056 ex
785 4003 839 4056 alia
857 4008 932 4070 parte
951 4005 1091 4056 abstrahat
1110 4004 1197 4057 etalii
1211 4005 1342 4058 contrario

113 4086 262 4153 relinquat,
281 4087 349 4154 quod
378 4089 474 4141 vocant
493 4087 662 4140 abluvionem
681 4091 708 4140 et
727 4088 903 4150 alluvionem,
923 4090 1046 4156 repetitio
1065 4090 1157 4142 finium
1176 4107 1228 4142 non
1247 4090 1339 4151 datur3

113 4171 216 4222 inducit
236 4171 306 4223 enim
328 4173 515 4225 necessitatem
535 4172 652 4238 riparum
670 4171 843 4234 tuendarum,
862 4173 930 4240 quod
953 4175 1022 4226 iuste
1042 4173 1147 4226 videtur
1165 4178 1339 4242 prospectum,

112 4259 144 4308 11
167 4258 253 4309 terrae
272 4259 466 4324 possessoribus
485 4259 574 4310 salvae
593 4257 655 4320 sint,
681 4258 763 4309 etiam
782 4257 903 4324 publicae
922 4259 1053 4311 utilitatis
1072 4275 1162 4323 causa3
1186 4259 1254 4327 quod
1273 4261 1296 4312 si
1314 4260 1341 4312 11

111 4342 306 4408 tempestatum
336 4341 386 4393 rivi
413 4346 544 4396 torrentes
576 4341 666 4394 subito
694 4342 798 4395 alveum
826 4353 982 4411 cursumque
1009 4345 1131 4407 mutent,
1162 4345 1278 4408 iustum,
1309 4349 1346 4398 11

113 4428 205 4479 nostra
224 4425 277 4479 fert
296 4426 391 4494 opinio,
411 4428 470 4491 erit,
490 4431 521 4482 ut
542 4428 612 4479 alvei
631 4427 729 4480 veteris
748 4427 813 4480 fines
832 4445 891 4482 suos
910 4429 1021 4497 quisque
1040 4428 1177 4483 obtineat'.
