2916 4860
115 376 179 442 246
654 369 809 436 Scriptores.

117 546 328 611 Maximum
352 549 574 625 praetorem
598 541 661 606 dici
684 544 803 621 putant
825 540 869 604 ali
893 559 975 619 eum,
999 540 1055 621 qui
1078 540 1211 605 maximi
1234 541 1344 622 imperi

118 649 170 726 sit,
190 646 248 726 ali,
272 645 327 727 qui
353 645 472 709 aetatis
494 645 662 709 maximae.
708 642 745 705 F.
765 643 835 706 161.

115 747 309 814 Maximus
342 747 468 828 curio,
499 748 589 811 cuius
622 745 819 810 auctoritate
852 745 958 808 curiae
995 761 1169 825 omnesque
1200 744 1344 808 curiones

116 853 282 931 reguntur.
326 851 362 910 P.
385 849 457 912 126.

115 951 312 1016 Maximus
344 948 527 1030 pontifex
561 949 693 1028 dicitur,
726 949 810 1030 quod
841 948 1001 1012 maximus
1032 965 1156 1026 rerum,
1190 966 1276 1027 qnae
1305 949 1341 1012 ad

117 1071 211 1118 sacra
237 1055 271 1116 et
304 1051 475 1132 religiones
505 1052 682 1132 pertinent,
712 1050 810 1113 iudex
841 1051 884 1114 sit
909 1049 1091 1130 vindexque
1123 1050 1342 1114 contumaciae

117 1153 320 1234 privatorum
344 1153 669 1233 magistratuumque.
715 1154 751 1215 P.
773 1152 845 1215 126.

116 1254 276 1319 Meddix
295 1255 381 1334 apud
397 1252 495 1318 Oscos
514 1272 628 1318 nomen
648 1253 860 1334 magistratus
879 1256 940 1316 est.
968 1255 1005 1317 P.
1024 1251 1095 1314 123.
1114 1262 1148 1314 (υ.
1168 1258 1234 1311 Tuo.
1253 1258 1341 1322 Bane.)

118 1351 289 1441 [Minora
307 1357 437 1434 itemque
451 1351 588 1440 meliora
612 1354 758 1434 auspicia
777 1372 860 1434 quae
877 1350 1048 1438 dicantar,
1071 1353 1159 1418 docet
1176 1344 1340 1432 Messalla

117 1454 204 1544 raum]
228 1458 352 1522 maiora
376 1457 552 1536 consulum,
576 1453 777 1542 pr[oetorum‚
798 1455 1114 1534 consolamentum,
1134 1451 1339 1540 rc]liquorum

117 1561 253 1638 minora,
285 1578 357 1623 curn
388 1559 436 1622 illi
468 1555 546 1640 [ιι
502 1579 631 1637 atores
663 1557 698 1622 lai
728 1558 843 1623 cotem
857 1554 1009 1643 minopes
1031 1559 1250 1639 magistratus
1272 1552 1342 1640 didi·

119 1657 355 1746 cortracooriut]
401 1660 439 1723 F.
460 1663 528 1724 157

118 1763 390 1828 Miscelliones
424 1762 652 1844 appellantur,
675 1763 731 1842 qui
755 1781 818 1827 non
842 1766 951 1825 certae
975 1765 1049 1824 sunt
1072 1761 1272 1838 sententiae,
1295 1761 1342 1824 sed

119 1865 283 1930 variorum
305 1865 541 1944 mixtorumque
563 1863 753 1927 iudiciorum
778 1867 862 1928 sunt.
907 1865 943 1926 P.
966 1863 1040 1926 123.

118 1966 390 2031 Mercedonios
414 1965 565 2029 dixerunt
588 1985 607 2028 a
630 1965 777 2029 mercede
799 1964 961 2029 solvenda.
1005 1967 1041 2025 P.
1070 1967 1145 2026 124.

86 2061 92 2073 ’
120 2068 260 2132 Mortis
283 2085 432 2132 causas
417 2066 564 2147 1pula
556 2086 586 2131 ro
604 2071 686 2131 ems
688 2071 769 2130 nna
771 2086 810 2130 ur
755 2064 966 2146 fian
928 2068 966 2129 ut
984 2066 1031 2129 ait
1017 2064 1174 2129 Antis
1149 2069 1218 2130 rus
1233 2065 1343 2142 Labeo

120 2172 253 2250 quaet
226 2166 400 2247 ittafi,u
403 2172 542 2232 ttmore
566 2168 767 2248 promissoris
790 2166 956 2232 confirmet
943 2172 1011 2247 tur,
1046 2150 1118 2246 aut
1091 2173 1194 2231 tut
1223 2167 1343 2248 quidam

122 2269 281 2348 dixerunt,
258 2270 397 2333 tcuius
420 2269 567 2350 stipulat'
560 2270 642 2333 1onis
664 2288 750 2334 mors
773 2267 837 2332 fuit
823 2272 968 2334 tcausa.
1004 2268 1050 2331 F.
1077 2271 1146 2332 161.

120 2370 199 2435 Mos
232 2374 281 2435 est
312 2367 506 2455 [institutam
532 2369 704 2453 poprium,
736 2371 755 2435 i.
787 2390 812 2434 e.
840 2372 993 2435 memoria
1015 2376 1163 2435 veterum
1188 2371 1343 2452 pertinens

121 2472 257 2536 maxime
277 2472 318 2536 ad
335 2472 507 2553 religiones
522 2469 821 2558 [coerim]oniasque
836 2474 1051 2554 antiquorum.
1075 2471 1194 2538 F157.
1216 2470 1263 2553 (P.
1274 2473 1342 2546 156.)

123 2574 284 2639 Multam
301 2573 381 2638 Osce
404 2574 467 2638 dici
489 2578 608 2655 putant
630 2593 765 2655 poenam
789 2574 933 2655 quidanr;
956 2574 998 2639 Μ.
1017 2575 1121 2639 Varro
1146 2575 1195 2638 ait
1217 2592 1341 2656 poenam

124 2676 284 2755 esse,.sed
307 2677 532 2756 pecuniariam.
577 2675 614 2740 F.
637 2678 709 2741 142.
741 2675 789 2756 (P.
812 2676 897 2758 143.)

122 2776 296 2851 Mundus,
327 2781 365 2841 ut
392 2777 439 2841 ait
461 2775 577 2857 Capito
601 2778 716 2842 Ateius
738 2813 790 2857 —‚
813 2783 864 2842 ter
886 2778 919 2841 in
943 2795 1026 2842 anno
1049 2783 1165 2859 patere
1190 2778 1287 2859 solet,
1307 2811 1340 2821 -·

123 2897 203 2959 quos
227 2877 497 2960 diesareligiosos
512 2878 737 2944 iudicaverunt
765 2898 803 2943 ea
826 2881 865 2944 dc
889 2897 988 2945 causa
1011 2879 1096 2960 quod
1120 2898 1185 2961 qno
1208 2885 1341 2960 tempora

123 3000 173 3056 ea,
204 3000 287 3062 quae
311 2981 455 3046 occultae
484 2986 516 3045 ct
544 2980 672 3046 abditae
703 2980 868 3061 religionis
901 2983 1033 3046 deorum
1056 2980 1204 3045 Manium
1235 2983 1340 3054 essent,

122 3084 223 3148 veluti
253 3083 286 3146 in
317 3082 422 3146 lucem
445 3083 607 3163 quandam
630 3084 870 3147 adducerentur
900 3086 933 3146 ct
964 3079 1172 3164 patefierent,
1204 3081 1284 3146 nihil
1311 3097 1339 3144 co

122 3191 267 3265 ternpore
290 3185 324 3247 in
346 3202 412 3264 rep.
431 3184 501 3266 geri
516 3183 702 3263 voluerunt;
727 3185 837 3265 itaque
852 3202 911 3265 per
929 3202 983 3248 eos
995 3184 1070 3249 dies
1088 3202 1153 3247 non
1171 3202 1244 3248 cum
1260 3184 1339 3247 hoste

122 3305 238 3351 manus
261 3288 483 3366 conserebant,
506 3305 570 3351 non
594 3287 755 3351 exercitus
779 3286 993 3366 scribebatun
1017 3305 1080 3350 non
1103 3286 1237 3350 comitia
1254 3286 1338 3349 habe·

122 3387 265 3469 ba[otar,
288 3387 366 3471 coa]
388 3389 477 3453 aliud
500 3389 670 3468 quicquam
693 3388 727 3452 in
750 3407 825 3468 rep,
848 3388 911 3453 nisi
933 3389 1018 3469 quod
1041 3386 1159 3452 ultima
1178 3388 1338 3454 necessitas

122 3490 323 3570 admonebat,
346 3490 663 3555 administrabatur.¹
706 3489 743 3554 F.
767 3491 836 3553 154.
869 3488 918 3571 (P.
942 3490 1025 3572 156.)

123 3590 273 3655 Munem
301 3590 482 3673 significare
510 3597 632 3658 certum
661 3597 711 3655 est
734 3589 924 3671 officiosum,
957 3591 1041 3655 unde
1065 3610 1082 3655 e
1107 3593 1271 3657 contrario
1291 3592 1337 3654 irn-

123 3692 230 3756 muuis
254 3692 377 3769 dicitur,
401 3695 456 3775 qui
479 3695 566 3758 nullo
589 3693 737 3774 fungitur
760 3691 871 3758 officio.
915 3696 951 3757 P.
969 3695 1042 3756 143.

10 3824 13 3831 ,
124 3793 239 3858 Mune
250 3794 347 3858 ralis
370 3795 421 3859 lex
439 3801 554 3861 vocata
570 3800 629 3876 est,
648 3814 713 3877 qua
730 3794 858 3860 Cincius
873 3795 967 3875 cavit,
986 3813 1026 3859 ne
1043 3795 1095 3860 cui
1110 3796 1227 3860 liceret
1237 3808 1337 3860 munus

124 3896 279 3976 accipere.
302 3895 454 3960 Plautus:
479 3897 913 3979 ‘nequemuneralemlegem
926 3915 1029 3977 neque
1047 3898 1222 3978 lenoniam,
1236 3902 1336 3978 rogata

124 3996 223 4061 fuerit
245 4015 304 4062 nec
325 4017 375 4077 ne,
399 3997 488 4064 flocci
512 3998 668 4064 aestimo?
712 4003 749 4063 P.
781 4004 853 4063 143.

194 4219 219 4285 1)
238 4222 279 4256 ‘-
297 4218 411 4272 mundus
429 4233 488 4271 curn
507 4221 591 4287 patet,
611 4218 719 4272 deorum
737 4218 858 4272 tristium
876 4221 957 4286 atque
966 4217 1081 4270 inferum
1092 4219 1169 4286 quasi
1178 4219 1257 4273 ianua
1265 4219 1333 4285 patet.

124 4301 317 4369 Propterea-
336 4303 465 4372 proelium
484 4303 678 4360 committi-
645 4319 803 4356 -uxorem
815 4303 930 4355 liberum
941 4301 1151 4371 quaerendorum
1160 4320 1239 4358 cansa
1249 4302 1333 4359 ducere,

124 4386 346 4452 religiosum
297 4390 354 4440 est.
396 4388 483 4442 Varro
502 4388 572 4455 apud
591 4388 689 4457 Maca,
706 4394 756 4443 scri.
775 4393 800 4451 1,
817 4392 859 4441 16.
