2916 4860
175 343 240 408 300
713 340 868 410 Scriptores.

177 519 313 594 seretur,
332 513 459 579 librarii
480 513 658 579 scriberent
677 513 856 594 complures
875 512 970 582 simul
989 513 1168 591 adstantes,
1188 511 1301 576 divisis
1320 511 1398 576 inter

177 635 211 682 se
230 615 391 698 partibus,
416 621 496 697 quot
519 616 655 698 quisque
676 615 774 680 verba
797 618 830 679 et
854 633 916 696 quo
939 614 1050 679 ordine
1072 615 1247 695 exciperet.
1281 614 1397 678 Romae

176 719 299 798 primus
319 717 404 798 Tiro,
421 716 583 783 Ciceronis
599 716 745 797 libertus,
765 721 999 782 commentatus
1015 720 1064 781 est
1078 719 1184 795 notas,
1204 715 1262 779 sed
1278 720 1398 779 tantum

176 818 461 900 praepositionum.
507 818 536 883 2.
564 819 641 883 Post
673 837 746 883 eum
769 819 944 900 Vipsanius
974 817 1184 899 Philargyrus
1218 822 1251 881 et
1275 815 1400 897 Aquila,

175 922 313 987 libertus
341 922 555 1000 Maecenatis,
588 920 671 986 alius
699 920 782 984 alias
813 919 1023 997 addiderunt,
1057 918 1195 999 denique
1220 916 1344 983 Seneca
1364 953 1401 964 -

177 1021 281 1087 effecit
305 1041 386 1104 opus
407 1024 440 1087 in
464 1023 606 1104 quinque
622 1022 719 1087 milia.
752 1021 856 1086 Notae
874 1027 984 1086 autem
1005 1021 1113 1086 dictae
1131 1037 1179 1100 eo,
1200 1019 1290 1101 quod
1309 1019 1401 1084 verba

176 1124 226 1189 vel
249 1124 391 1207 syllabas
414 1122 565 1205 praefixis
588 1123 833 1190 characteribus
856 1127 971 1187 notent
994 1127 1027 1187 et
1051 1123 1093 1187 ad
1119 1121 1274 1186 notitiam
1298 1121 1401 1202 legen-

176 1227 258 1291 tium
268 1231 428 1306 revocent,
449 1245 530 1308 quas
546 1227 601 1307 qui
613 1224 796 1290 didicerunt
808 1224 940 1305 proprie
957 1224 1022 1288 iam
1034 1222 1155 1287 notarii
1171 1222 1402 1303 appellantur.l

259 1325 310 1392 22.
334 1327 364 1391 1.
384 1326 549 1404 Quaedam
567 1327 698 1391 litterae
717 1331 827 1390 autem
838 1326 871 1389 in
881 1325 974 1389 libris
984 1324 1065 1388 iuris
1082 1322 1256 1389 verborum
1277 1342 1402 1388 suorum

112 1467 113 1470 =
175 1435 273 1495 notae
306 1433 401 1509 sunt,
446 1447 509 1512 quo
543 1428 676 1508 scriptio
708 1426 845 1491 celerius
875 1426 1067 1508 breviorque
1098 1424 1166 1489 fiat.
1214 1424 1402 1490 Scribehant

177 1537 286 1597 autem
301 1532 394 1597 verbi
414 1531 521 1612 gratia
540 1548 598 1611 per
616 1528 692 1592 Bet
710 1529 735 1592 F
751 1528 879 1593 ‘bonum
897 1526 1041 1606 factum'
1061 1546 1119 1608 ρετ
1138 1526 1158 1590 S
1178 1530 1211 1591 et
1223 1525 1258 1590 Οι
1274 1531 1402 1591 senatus

176 1632 378 1714 consultum,'
398 1650 456 1715 ρετ
470 1633 498 1697 R
514 1632 583 1697 etP
603 1633 664 1695 ‘res
680 1629 831 1712 publiea,'
851 1648 909 1710 ρετ
920 1630 945 1693 P
956 1634 989 1694 et
1005 1631 1034 1693 R
1051 1628 1201 1709 ‘populus
1220 1625 1401 1704 Romanus’

177 1753 235 1816 per
256 1735 285 1799 D
309 1739 341 1800 et
365 1735 390 1799 T
414 1732 615 1814 dumtaxat,
639 1751 697 1814 per
720 1733 869 1813 supinam
891 1745 920 1798 ul
946 1731 1092 1796 litteram
1120 1727 1268 1809 ‘mulien'
1300 1748 1358 1810 per
1381 1729 1402 1792 P

178 1838 353 1903 secundum
383 1843 535 1902 naturam
567 1833 738 1916 ‘pupillus'
769 1852 826 1915 ρετ
848 1833 874 1900 P
898 1851 1010 1898 averso
1035 1833 1142 1913 capite
1165 1830 1325 1912 ‘pupilla’
1348 1850 1400 1912 per

176 1957 276 2003 unum
299 1938 329 2002 K
361 1936 500 2020 ‘kaput,’
532 1955 590 2018 per
613 1938 676 2001 duo
699 1936 761 2000 KK
784 1935 956 2001 coniuncta
980 1932 1326 2026 ‘kalumniaekausa’
1349 1952 1401 2014 per

176 2040 192 2102 l
213 2044 246 2103 et
268 2038 296 2102 Ε
320 2040 424 2104 ‘iudex
450 2037 539 2118 esto,’
563 2057 621 2119 ρετ
638 2039 667 2103 D
687 2043 721 2102 et
738 2038 772 2101 M
796 2037 914 2102 ‘dolum
932 2035 1086 2101 malum?2
1107 2034 1136 2100 2.
1157 2034 1260 2101 Cuius
1279 2036 1400 2118 generis

177 2139 333 2220 plurimas
357 2140 538 2206 consimiles
565 2145 659 2204 notas
687 2138 836 2203 inlibris
867 2138 1011 2220 antiquis
1033 2137 1186 2202 invenies.
1232 2137 1305 2202 Has
1328 2138 1401 2203 iuris

148 2245 150 2248 ‘
177 2247 270 2306 notas
295 2242 409 2305 novitii
433 2243 645 2322 imperatores
668 2261 688 2306 a
710 2240 874 2305 codicibus
896 2240 1004 2322 legum
1023 2240 1197 2305 abolendas
1216 2245 1400 2316 sanxerunt,

180 2341 256 2422 quia
272 2343 391 2408 multos
413 2361 471 2424 ρετ
488 2342 570 2408 haec
593 2342 701 2408 callidi
723 2342 852 2423 ingenio
871 2342 1056 2423 ignorantes
1071 2341 1291 2422 decipiebant,
1311 2347 1401 2423 atque

178 2445 226 2507 ita
253 2445 418 2508 iusserunt
449 2445 637 2510 scribendas
668 2445 701 2508 in
732 2444 858 2526 legibus
888 2444 1033 2524 litteras,
1064 2449 1102 2507 ut
1129 2443 1235 2508 nullos
1270 2461 1399 2522 errores,

179 2544 286 2609 nullas
297 2544 451 2627 ambages
461 2543 607 2624 afferant,
618 2546 674 2610 sed
685 2546 849 2627 sequenda
859 2549 891 2610 et
902 2546 1036 2610 vitanda
1045 2550 1158 2627 aperte
1173 2531 1400 2611 demonstrent.

738 2695 798 2749 Lib.
808 2695 839 2750 V.

271 2782 298 2862 1,
320 2780 350 2846 5.
372 2783 660 2865 Legestredigere
683 2784 716 2847 in
739 2782 830 2847 libris
853 2784 977 2864 primus
1000 2784 1111 2849 consul
1128 2784 1303 2865 Pompeius
1318 2784 1402 2848 insti·

181 2892 272 2950 tuere
302 2885 418 2965 voluit,
442 2887 499 2951 sed
528 2905 591 2951 non
614 2886 843 2968 perseveravit,
867 2888 1123 2952 obtrectatorum
1146 2892 1245 2952 metu.
1284 2887 1401 2953 Deinde

181 2986 301 3053 Caesar
324 2988 430 3068 coepit
452 2989 485 3053 id
507 2986 623 3068 facere,
647 2988 704 3053 sed
722 2993 803 3085 ante
825 2987 1017 3054 interiectus
1040 2993 1098 3054 est.

180 3140 294 3208 populis,
318 3142 442 3207 totosque
464 3155 494 3192 eo
516 3139 588 3208 tingi
612 3154 741 3206 proceres,
764 3138 834 3193 hunc
852 3138 891 3192 ibi
909 3139 1182 3207 deorumsimulacris
1201 3141 1316 3194 colorem
1335 3141 1401 3195 esse'.

183 3225 214 3280 of.
233 3223 388 3290 Motatorem,
407 3223 442 3280 R.
462 3224 495 3278 G.
513 3228 538 3291 1,
556 3227 597 3276 66.
616 3253 650 3262 -
667 3224 694 3290 3)
712 3223 843 3288 Isidorus,
867 3225 1002 3293 episcopus
1020 3225 1189 3292 Hispalensis
1216 3229 1243 3292 (†
1263 3227 1331 3290 636),
1349 3243 1402 3280 con-

182 3310 299 3378 seripsit,
324 3313 355 3364 ut
375 3310 432 3378 ipse
451 3309 531 3378 dicit,
554 3313 626 3378 ‘opus
650 3309 682 3363 de
700 3309 803 3377 origine
821 3309 984 3378 quarundam
1001 3327 1090 3364 rerum
1108 3326 1139 3363 ex
1163 3311 1266 3365 veteris
1289 3311 1403 3366 lectionis

182 3395 365 3449 recordatione
389 3395 527 3449 collectum
557 3398 638 3464 atque
661 3394 702 3448 ita
729 3395 756 3447 in
775 3394 933 3464 quibusdam
951 3395 1015 3449 locis
1034 3396 1207 3466 annotatum,
1230 3396 1304 3451 sicut
1322 3400 1403 3450 exstat

183 3479 360 3546 couscriptum
385 3479 450 3533 stilo
468 3478 613 3533 maiorum'.
649 3478 723 3544 Quod
741 3479 806 3532 lieet
823 3495 950 3548 perquam
968 3479 1041 3533 rudis
1058 3478 1245 3548 indigestaque
1264 3482 1302 3535 sit
1320 3481 1404 3545 moles,

183 3579 244 3617 vera
267 3563 340 3617 falsis
367 3564 479 3632 antiqua
496 3564 570 3617 novis
589 3564 702 3617 miscens
731 3564 854 3632 omnique
872 3564 926 3618 fere
948 3565 976 3618 in
998 3564 1044 3627 iis,
1067 3579 1134 3633 quae
1152 3562 1185 3617 ad
1205 3565 1247 3618 ius
1265 3566 1404 3634 pertinent,

183 3647 345 3702 destitutum
370 3648 479 3716 iudicio,
503 3651 593 3703 tamen
616 3648 757 3717 nonnulla,
781 3664 848 3717 quae
871 3665 901 3702 ex
923 3651 1043 3703 veterum
1061 3647 1137 3702 libris
1159 3654 1224 3702 tuno
1242 3649 1404 3704 exstantibus

182 3749 252 3787 nnnc
261 3732 406 3801 deperditis
415 3734 536 3802 protulit,
550 3733 633 3801 digna
650 3732 783 3800 videntur,
793 3750 859 3802 quae
868 3733 941 3786 lctis
956 3733 1034 3786 hodie
1043 3732 1077 3786 ad
1089 3748 1198 3786 manum
1207 3733 1273 3786 sint.
1293 3734 1404 3788 Summo

183 3834 243 3886 pero
253 3820 295 3871 cst
304 3816 455 3882 dolendum,
466 3816 536 3886 quod
549 3817 644 3885 fontes,
654 3834 685 3871 ex
694 3817 790 3886 quibus
800 3817 929 3881 hauserit,
939 3833 1068 3887 nusquam
1077 3815 1183 3873 addidit
1188 3841 1195 3882 ;
1214 3835 1247 3872 ne
1258 3819 1287 3873 id
1296 3819 1405 3888 quidem,

183 3920 246 3957 num
265 3901 408 3956 Iustiniani
426 3903 546 3970 Digestis
564 3919 628 3955 usus
646 3903 691 3966 sit,
709 3906 823 3958 constat.
842 3903 874 3960 cf.
889 3903 1017 3973 Sooiqay,
1028 3903 1119 3959 aesca
1138 3902 1164 3958 d.
1179 3903 1215 3960 R.
1226 3904 1404 3966 memora,

183 3991 224 4055 74,
235 3992 275 4042 75.
289 3988 415 4051 Dirlcoea,
433 3988 537 4043 hiatcrl.
550 3988 694 4054 Schriften,
704 3988 826 4057 beraosq.
844 4005 867 4042 u.
878 3988 972 4043 Sunio.
990 3992 1085 4053 1,185.
1104 3986 1196 4042 Editio
1210 3990 1356 4044 novissima
1369 3992 1404 4043 est

186 4072 290 4128 Ottona'c
308 4074 334 4127 in
354 4072 538 4127 Liadcmoam'
555 4088 626 4142 corp.
644 4077 786 4141 grammat.
807 4072 1173 4140 lar.T.11L1aoa;molius
1192 4076 1286 4128 autem
1307 4076 1403 4128 textum

184 4160 335 4227 cormptum
353 4157 504 4212 emendarit
523 4158 656 4211 Areoolos
673 4158 701 4210 in
719 4156 759 4211 ed.
778 4173 840 4227 opp.
858 4157 926 4213 Isto.
948 4159 977 4212 Τ.
995 4159 1051 4212 ΠΙ
1064 4162 1092 4213 et
1109 4157 1163 4212 IV.
1181 4157 1288 4213 Rornae
1305 4163 1376 4213 1797.

253 4246 277 4304 1)
297 4244 336 4297 of.
355 4244 392 4297 D.
410 4247 454 4307 29,
473 4248 498 4306 1,
516 4246 551 4297 40
564 4260 627 4312 ρτ.,·
645 4247 689 4310 40,
707 4247 733 4310 5,
750 4247 793 4308 41,
811 4247 843 4310 3,·
860 4247 904 4306 56,
922 4246 964 4308 13,
982 4250 1007 4310 1,
1024 4247 1049 4298 6.
1067 4272 1102 4282 -
1118 4244 1144 4305 2)
1162 4243 1203 4300 Cf.
1228 4243 1402 4298 VatProous

185 4325 217 4378 de
234 4328 304 4381 notis
321 4329 451 4396 anaqam,
470 4327 508 4382 ed.
528 4328 684 4382 Mommsen.
702 4331 780 4383 1853.
817 4328 961 4394 (Huschke,
984 4330 1038 4382 ior.
1064 4333 1119 4382 ant.
1134 4345 1164 4396 ρ.
1183 4331 1236 4393 68).
1275 4330 1401 4385 Natorum

185 4409 309 4465 laterculi
327 4412 367 4465 ed.
385 4413 443 4469 Mo.
461 4414 489 4466 in
508 4413 658 4468 Grammot.
676 4412 722 4467 lot.
740 4412 780 4467 ed.
799 4413 869 4478 Keil,
886 4418 912 4482 4,
929 4416 1078 4468 eoa-352.
